2902 4958
568 212 741 265 „27-

65 393 127 471 γὰρ
153 392 271 473 (ἵλαος)
296 393 425 456 ἐκτείνει
449 394 486 456 τὸ
511 404 540 474 ά,
566 393 712 470 ἐδήλωσε
728 392 910 471 Παρθένιος
935 392 1037 476 ἐντῷ
1062 392 1107 470 εἰς
1126 391 1242 471 Βίαντα

65 501 167 566 εἰπών
181 500 232 578 (fr.
247 500 404 578 4Mart.)·
428 500 521 577 ἵλαος
537 500 657 579 ταύτην
674 501 813 578 δέχνυσο
830 500 997 578 πυρκαῑήν.
1020 535 1056 544 -—
1073 499 1124 562 καὶ
1140 500 1175 563 ἐν
1196 505 1242 583 τῷ

66 608 280 688 Εὐφορίωνος
309 608 513 686 Δημοσθένει
547 607 668 686 ὁμοίως
707 608 917 685 ἐκτεταμένον
956 607 1135 685 εὑρίσκεται
1170 605 1241 670 οἷον

64 715 230 795 ίδαίμονος
255 713 380 779 ἱλάοισ.

549 930 763 994 ΔΙΟΝΥΕΟΕ.

174 1074 338 1159 Dionysus
362 1093 489 1138 carmen
507 1074 694 1157 Mopsopiae
718 1073 878 1158 particula
902 1073 1001 1139 luisse
1018 1072 1156 1168 videtur,
1182 1072 1240 1138 cfr.

64 1202 95 1265 p.
112 1181 157 1246 45
168 1201 215 1263 sq.
234 1188 267 1247 et
282 1181 377 1264 frgm.
395 1182 447 1245 33.
494 1182 657 1248 Narrabat
673 1183 772 1266 igitur
789 1181 952 1247 Bacchum
969 1187 1142 1248 tornatum
1160 1200 1240 1264 esse,

64 1290 201 1375 primum
224 1297 326 1353 matre
351 1289 491 1368 (Semela
514 1289 662 1372 scilicet),
693 1291 808 1355 iterum
833 1310 850 1354 e
878 1290 1001 1355 femore
1026 1290 1150 1370 (Iovis),
1180 1295 1241 1354 ter·
1315 1328 1318 1334 ,

64 1397 154 1478 tium,
190 1395 244 1461 ὅτε
277 1399 489 1474 διασπασθεὶς
524 1397 587 1461 ὑπὸ
615 1401 681 1461 τῶν
705 1398 851 1461 Τιτάνων
874 1398 967 1475 Ῥέας
997 1397 1037 1460 τὰ
1061 1397 1138 1475 μέλη
1164 1412 1240 1460 σαν-

64 1504 175 1582 θείσης
211 1502 337 1583 ἀνεβίω.
402 1504 472 1581 Qua
504 1504 537 1566 in
571 1525 604 1568 re
640 1503 751 1567 mirum
784 1511 842 1586 est,
885 1510 1037 1586 qnantum
1080 1504 1241 1587 discrepet
1349 1492 1351 1496 ¹

64 1609 228 1694 Euphorio
257 1632 277 1675 a
311 1610 491 1676 traditione
509 1611 660 1703 Orphica,
697 1631 789 1693 quarn
824 1617 997 1693 sequuntur
1026 1611 1242 1676 Callimachus

65 1718 118 1798 (fr.
138 1720 212 1800 171,
225 1719 303 1797 374)
321 1725 353 1782 et
372 1720 402 1785 Ν
405 1739 515 1801 onnus,
541 1719 600 1783 cfr.
624 1718 783 1784 Lobeck
807 1719 1021 1803 Aglaopham.
1044 1741 1075 1804 p.
1094 1719 1157 1785 547
1170 1738 1239 1802 sqq.

10 1819 12 1823 ’
62 1826 113 1891 Ibi
148 1826 232 1890 enim
264 1827 408 1911 Iuppiter
442 1846 512 1890 eum
544 1826 734 1910 Proserpina
767 1826 903 1910 primurn
939 1826 1043 1910 gignit
1077 1826 1240 1891 Bacchum

63 1934 132 2000 sive
150 1933 319 2016 Zagreum,
345 1935 398 2016 qui
415 1956 435 1999 a
452 1935 623 1999 Titanibus
646 1934 769 1999 invidia
785 1915 920 2000 lunonis
936 1935 1084 2018 inmissis,
1109 1933 1240 2019 speculo

63 2052 135 2106 curn
152 2061 187 2106 se
205 2043 448 2125 contemplatur,
473 2040 666 2125 discerpitur
683 2041 830 2122 (Lobeok
854 2063 885 2126 p.
906 2042 1056 2124 δένδρη).
1099 2042 1240 2107 Laceras

64 2149 217 2231 reliquias
246 2149 362 2233 Apollo
397 2151 488 2214 iuxta
516 2148 674 2233 tripodem
704 2150 820 2233 sepelit
854 2153 898 2235 (p.
915 2150 1005 2230 558),
1039 2170 1094 2215 cor
1124 2150 1239 2232 Zagrei

63 2256 209 2321 Minerva
225 2255 295 2320 Iovi
311 2256 375 2322 fert
400 2258 444 2340 (p.
461 2257 526 2321 559
540 2259 613 2339 οη),
638 2257 692 2338 qui
717 2259 887 2322 contritum
912 2264 968 2322 aut
991 2257 1062 2342 ipse
1085 2257 1166 2322 bibit
1183 2263 1239 2321 aut

64 2363 214 2429 Semelae
238 2364 411 2429 bibendum
441 2363 505 2441 dat,
538 2364 624 2429 undo
656 2365 738 2430 alter
771 2372 958 2449 procreatur
982 2363 1130 2430 Bacchus
1155 2363 1238 2429 Tbe-

64 2470 177 2536 banus.

171 2576 237 2643 Sed
261 2578 398 2644 fabellas
415 2579 573 2664 Orphicas
598 2581 694 2645 etiarn
717 2579 880 2663 Euphorio
904 2585 1032 2645 secutus
1057 2599 1126 2646 esse
1151 2579 1238 2644 vide-

62 2691 125 2767 tur,
163 2685 221 2752 cfr.
256 2686 415 2751 Cornutus
448 2708 479 2771 p.
509 2687 562 2768 62,
594 2689 691 2770 lOsq.
732 2688 835 2770 Lang‚
872 2687 1004 2752 Lobeck
1039 2709 1069 2772 p.
1101 2688 1237 2770 562163.

63 2792 259 2874 Fragmenta
283 2793 400 2858 nullam
427 2793 545 2860 babent
570 2794 809 2873 difficultatem,
835 2815 1038 2877 quamquam,
1067 2800 1171 2860 utrum
1197 2794 1237 2859 de

61 2900 164 2964 altero
189 2921 229 2963 an
254 2899 294 2965 de
320 2903 413 2966 tertio
432 2901 562 2966 baccho
586 2907 696 2985 agant,
722 2922 784 2966 non
809 2903 927 2984 ubique
951 2903 1154 2986 perspicuum
1178 2908 1236 2966 est.

62 3006 114 3070 Ad
139 3009 346 3087 διασπασμόν
363 3010 500 3093 pertinet
522 3009 560 3071 fr.
582 3010 632 3072 12.
681 3010 758 3073 luno
781 3010 928 3093 privigno
955 3029 1077 3074 venena
1101 3010 1238 3075 miscens

60 3112 223 3178 inducitur
247 3115 286 3178 fr.
314 3117 364 3196 13,
390 3115 430 3180 de
456 3115 583 3180 Baccho
609 3117 641 3179 in
659 3115 766 3200 Lydia
792 3123 1008 3182 commorante
1033 3116 1102 3201 agit
1125 3117 1165 3180 fr.
1187 3118 1236 3200 14,

62 3221 191 3287 Atticas
224 3222 353 3299 fabulas
386 3223 548 3305 attingunt
572 3224 610 3288 ir.
640 3223 680 3287 15
704 3231 736 3288 et
764 3224 814 3306 16,
851 3225 959 3289 Persei
990 3224 1237 3289 debellationem

61 3327 102 3392 fr.
123 3329 160 3392 17
190 3329 306 3407 (Noun.
323 3330 364 3394 D.
382 3331 449 3409 48).
507 3330 656 3395 Fortasse
681 3351 698 3395 e
722 3331 880 3415 Dionyso.
901 3333 1001 3414 petita
1035 3338 1107 3396 sunt
1140 3332 1236 3395 etiam

59 3435 100 3500 fr.
126 3435 168 3500 98
206 3437 259 3517 (dc
288 3437 408 3502 Bacchi
450 3438 533 3503 enim
576 3437 662 3522 apud
700 3441 832 3504 Inonem
874 3439 1065 3504 educatione
1107 3446 1237 3523 poetam

61 3543 168 3626 egisse
195 3545 363 3628 probabile
389 3550 458 3624 est),
495 3546 534 3610 fr.
556 3547 598 3610 99
625 3546 788 3630 Illyricam
820 3546 1056 3631 expeditionem
1086 3552 1243 3631 spectans

61 3652 180 3731 (Noun.
199 3649 240 3714 D.
258 3652 311 3733 44,
332 3654 374 3733 1),
400 3652 439 3716 fr.
460 3654 533 3732 100,
558 3651 644 3735 quod
669 3661 739 3718 arte
764 3652 915 3719 cohaeret
932 3673 1002 3718 curn
1019 3654 1058 3717 fr.
1079 3655 1129 3718 ll.
1170 3653 1236 3718 Olr.

60 3758 169 3838 ctiam,
184 3757 286 3842 praef.
312 3779 342 3841 p.
361 3759 391 3822 8.

579 3904 618 3966 12
644 3903 723 3984 (15).

238 4026 273 4089 ἐν
297 4029 372 4107 πυρὶ
398 4028 523 4106 Βάκχον
548 4033 619 4093 δῑον
643 4030 724 4108 ὑπὲρ
748 4029 868 4110 φιάλης
893 4032 1059 4110 ἐβάλοντο.

169 4151 276 4215 Tzetn.
295 4151 334 4215 ad
354 4153 514 4237 Lycophr.
533 4155 597 4218 208
622 4153 769 4233 Ἔτιμᾶτο
794 4157 829 4220 δὲ
852 4158 904 4220 καὶ
920 4156 1087 4237 Διόνυσος
1104 4159 1139 4221 ἐν
1156 4159 1237 4223 Δελ-

57 4263 138 4339 φοῖς
173 4257 236 4320 σὺν
266 4256 445 4323 Ἀπόλλωνι
479 4260 610 4324 οὑτωσί.
659 4262 696 4325 Οἱ
719 4263 852 4340 Τιτᾶνες
888 4263 927 4326 τὰ
955 4263 1123 4329 Διονύσον
1157 4266 1236 4345 μέλη

57 4363 288 4443 σπαράξαντες
303 4365 482 4430 Ἀπόλλωνι
507 4366 639 4453 ἀδελφῷ
664 4367 733 4431 ὄντι
757 4369 857 4434 αὐτοῦ
882 4372 1060 4449 παρέθεντο
1084 4372 1236 4451 ἐμβαλόν·
