2902 4958
414 1448 650 1517 MEMORIA
673 1449 1025 1518 EVPHORIONIS.

240 1718 300 1797 Qui
324 1717 560 1802 Euphorionem
585 1716 719 1782 laudant
742 1718 924 1803 scriptores,
956 1717 1143 1802 plerumque
1167 1718 1208 1782 ab
1229 1714 1287 1781 aliis
1318 1761 1323 1768 ,

133 1827 253 1892 tradita
287 1834 481 1911 propagant.
527 1826 576 1891 Ne
606 1825 723 1890 Strabo
755 1823 882 1907 quidem
912 1845 984 1890 eum
1012 1826 1143 1910 proprio
1166 1825 1288 1890 lectione

133 1935 257 2016 sitavit,
274 1932 332 1998 sed
348 1931 544 2017 Apollodoro
560 1941 727 2017 acceptum
745 1934 854 1998 refert.
891 1933 1005 2015 ltaque
1021 1932 1129 2015 nohis,
1150 1938 1289 2016 quantum

133 2044 202 2114 eius
231 2040 304 2106 lieri
334 2046 451 2125 potest,
492 2045 640 2105 auctores
675 2040 857 2106 traditionis
893 2040 1140 2126 Euphorioneae
1173 2036 1290 2106 investi·

133 2148 232 2232 gandi
255 2157 339 2215 sunt.

240 2255 445 2327 Aristarchus
468 2255 504 2318 ἐν
520 2253 746 2334 Ἀρχιλοχείοις
770 2256 976 2334 ὑπομνήμασι
993 2254 1166 2322 Homerum
1190 2254 1292 2338 migra·

133 2365 230 2428 tionis
253 2363 383 2427 Ionicae
413 2363 608 2446 temporibus
641 2363 759 2428 vixisse
789 2362 872 2426 dixit
900 2363 979 2441 μετὰ
1006 2363 1123 2427 ἑκατὸν
1145 2358 1292 2440 roconod-

133 2492 232 2535 κοντα
255 2470 310 2547 ἔτη
341 2473 408 2534 τῶν
431 2470 625 2550 Τρωικῶνῑ).
673 2471 709 2534 ln
741 2470 978 2534 commentariis
1000 2468 1224 2536 Archilocheis
1245 2482 1293 2533 cnr

133 2577 195 2642 hoo
236 2576 361 2653 fecerit,
401 2576 581 2661 intelleges,
621 2578 648 2642 si
688 2576 963 2662 Theopompumll)
1001 2576 1293 2661 Euphorionemquc

134 2683 319 2750 Archilochi
343 2684 411 2749 siue
429 2684 543 2768 Gygae
562 2685 729 2767 aequalem
746 2685 918 2750 Homerum
936 2704 1071 2750 vocasse
1093 2681 1292 2770 reputaveris,

135 2792 193 2858 cfr.
217 2792 256 2857 fr.
278 2792 321 2857 53
346 2792 716 2876 sternumentis
746 2794 905 2874 τύραννος
934 2793 1005 2870 ἤτοι
1035 2791 1101 2857 ἀπὸ
1129 2792 1294 2872 Τυρρήνοιν

135 2899 228 2980 (ιίιμοὶ
252 2900 313 2980 γὰρ
337 2898 439 2978 οὗτοι)
463 2902 483 2979 ἢ
507 2900 572 2966 ἀπὸ
598 2902 710 2984 Γύγου,
738 2902 776 2980 ὅς
800 2903 889 2966 ἐστιν
918 2900 984 2965 ἀπὸ
1017 2900 1143 2979 Ῑύρρας
1177 2901 1293 2968 πόλεως
1315 2910 1317 2914 ‘

85 3096 88 3100 1
135 3004 301 3087 Andronis,
326 3009 589 3089 τυραννήσαντος
606 3009 642 3073 ἐν
658 3010 738 3092 αὐτῇ
759 3015 903 3088 πρῶτον·
929 3006 1034 3087 οὕτως
1058 3005 1156 3085 εὖρον
1179 3007 1215 3072 ἐν
1229 3006 1294 3070 nro

134 3117 269 3193 μνήματι
285 3113 483 3195 Ἀρχιλόχου.
520 3117 646 3200 Gygam
671 3118 806 3201 primum
831 3125 1001 3200 tyrannum
1026 3116 1126 3181 luisse
1146 3111 1293 3181 sententio

135 3229 204 3287 erat
220 3222 444 3307 Euphorionis.
481 3223 709 3306 Grammatico,
727 3225 780 3307 qui
798 3230 873 3288 ante
890 3221 1119 3306 Apollodorum
1133 3223 1293 3290 Homerum

134 3331 295 3412 tractavit,
319 3328 454 3395 debetur
477 3329 516 3393 fr.
534 3331 588 3394 25.

241 3437 393 3520 Sequitur
417 3436 642 3521 Apollodorus,
668 3439 709 3503 ad
735 3458 828 3521 quem
852 3437 937 3502 hand
962 3457 1067 3522 pauca
1091 3432 1294 3523 Euphorionis

134 3546 316 3628 fragmenta
333 3544 477 3609 redeunt.
515 3544 565 3608 Ex
583 3544 673 3610 libris
689 3547 761 3625 περὶ
778 3548 862 3611 θεῶν
877 3544 981 3629 petita
996 3551 1071 3610 sunt
1086 3545 1182 3630 frgm.
1195 3538 1293 3628 2,2³);

134 3690 346 3698 —-———

241 3796 269 3859 1)
288 3793 378 3850 Clem.
397 3792 484 3850 Alex.
504 3793 610 3850 Strom.
631 3795 644 3848 1
663 3811 687 3850 c.
707 3795 740 3849 21
761 3799 783 3860 5v
799 3795 857 3849 117.

241 3885 269 3948 2)
289 3883 379 3940 Clem.
398 3884 416 3938 1.
437 3901 460 3939 o.
479 3888 495 3949 ξ
515 3885 566 3939 117
587 3886 708 3951 -μετὰ
729 3887 778 3953 ἔτη
798 3887 969 3939 πεντακόσια
988 3890 1048 3938 τῶν
1065 3886 1110 3939 ἐπὶ
1133 3884 1203 3955 Ἰλίῳ
1220 3894 1294 3950 orph·

133 3977 306 4033 τεισάντων,
341 3975 393 4028 cfr.
412 3974 530 4029 Tatian.
560 3975 599 4027 ad
628 3973 679 4039 Gr.
704 3991 732 4044 p.
753 3975 805 4027 124
831 3973 923 4041 (Otto)
955 3976 1045 4042 ἕτεροι
1078 3975 1109 4029 δὲ
1149 3975 1225 4027 κάτω
1252 3969 1295 4024 τὸν

134 4066 237 4131 χρὸνον
262 4064 410 4128 ὑπήγαγον
433 4065 486 4117 σὺν
505 4063 657 4132 Ἀρχιλόχῳ
681 4064 826 4128 γεγονέναι
851 4065 903 4116 τὸν
926 4064 1054 4131 Ὅμηρον
1073 4065 1212 4128 εἰπόντες·
1234 4064 1249 4115 ὁ
1269 4056 1294 4111 δὲ

134 4153 294 4221 Ἀρχίλοχος
313 4154 421 4217 ἤκμασε
442 4183 474 4190 -
495 4152 566 4205 κατὰ
586 4153 683 4220 Γύγην,
708 4158 768 4206 τῶν
789 4153 910 4206 Ἰλιακῶν
931 4155 1050 4219 ὕστερον
1077 4156 1150 4208 ἔτεσι
1169 4163 1292 4206 πεντακο-

135 4244 212 4308 σίοις.
250 4242 355 4297 Rohde
374 4259 421 4312 op.
442 4259 470 4311 p.
491 4242 535 4296 94.

242 4333 270 4400 3)
289 4331 348 4388 Cir.
373 4331 527 4387 Cornutus
551 4348 574 4384 o.
595 4331 630 4384 20
649 4348 676 4400 p.
696 4333 768 4398 35,6
787 4347 850 4400 sqq.
877 4331 918 4400 1..‚
944 4333 1075 4388 Macrob.
1099 4327 1296 4402 117,54(t⁰)·
