2902 4958
639 183 813 237 ..71-

136 379 209 420 σατο
236 366 290 430 τῆν
318 367 421 432 ζώνην,
449 365 620 434 Hyperides
640 367 674 418 Ir.
694 365 736 430 70,
765 364 854 418 Paus.
875 364 887 416 Ι
907 364 994 432 31,,1,
1021 360 1122 432 Steph.
1146 362 1219 432 Byz.
1243 378 1265 416 s.
1285 379 1314 415 v.
1397 383 1399 387 ¹

137 471 165 524 p.
187 455 249 520 998,
273 455 316 519 10,
341 454 436 508 Bekk.
455 451 513 508 Αιι.
532 454 593 519 261,
612 454 656 508 30.
694 452 795 523 Steph.
815 453 887 522 Byz.
909 469 937 522 ρ.
957 452 1018 519 611,
1037 451 1056 507 3
1082 453 1205 519 Τεγύρα·
1234 454 1314 516 πόλις

138 530 282 611 Βοιωτίας,
311 546 377 612 ἐνῇ
404 544 570 598 Ἀπόλλωνά
595 559 665 612 φασι
693 546 873 610 γεννηθῆναι.
910 541 1001 607 (ῆμας
1025 540 1049 595 δ’
1073 542 1089 594 ό
1113 541 1231 607 Δήλιος·
1250 538 1314 606 ’τὴν

138 635 316 698 ’Λπόλλωνος
345 637 456 700 γένεσιν
484 633 511 689 οἳ
535 637 585 700 μὲν
609 636 639 688 ἐν
657 633 752 703 Λυκίᾳ,
777 633 802 687 οἳ
827 634 850 687 δ’
876 634 906 687 έν
925 633 1021 701 Δήλῳ,
1041 631 1068 685 οἳ
1087 629 1112 685 δ’
1131 633 1161 685 ἐν
1180 632 1313 697 Ζωστῆρι

136 729 188 791 τῆς
208 725 344 791 Ἀττικῆς,
364 723 390 779 οἳ
409 726 441 778 δὲ
460 726 491 801 ἐν
509 725 620 793 Τεγύρᾳ
647 728 698 790 τῆς
725 723 861 786 Βοιωτίας
885 722 989 790 φασίν’.
1036 722 1203 788 Ζωστῆριον
1223 725 1313 788 νοσοῖ

138 813 309 883 Apollinem
329 815 419 868 etiam
439 813 601 884 Lycophro
621 813 698 867 1278.

631 961 691 1023 ιιι
718 958 819 1039 (118).

142 1170 145 1175 ν
245 1082 357 1168 steph.
382 1085 461 1169 Byz.
485 1106 517 1170 p.
543 1084 619 1164 635,
641 1084 663 1152 5
690 1085 923 1163 Τρικόρυνθον·
959 1082 1137 1160 οὐδετέρως
1166 1083 1311 1160 Δίδυμος

138 1193 189 1256 καὶ
213 1191 395 1275 Διόδωρος,
420 1192 598 1270 Διονύσιος
623 1192 812 1273 ἀρσενικῶς,
843 1191 1014 1271 Εὐφορίων
1039 1192 1195 1268 θηλυκῶς.
1244 1188 1312 1253 ἔστι

137 1301 173 1363 δὲ
198 1304 299 1378 δῆμος
323 1305 380 1379 τῆς
405 1301 572 1379 Αἰαντίδος
597 1304 714 1380 φυλῆς.
1013 1287 1016 1296 ’

244 1425 428 1490 τρικόλυνθον
441 1423 467 1478 Β
478 1423 510 1492 V,
523 1425 696 1491 Τρικόρυθον
711 1423 868 1489 Μουιαίιτε,
887 1424 1078 1491 Τρικόρυνθον
1098 1423 1187 1475 etiam
1202 1419 1310 1475 Strabo

138 1512 207 1567 VIII
229 1514 253 1580 7,
275 1515 298 1581 1,
318 1514 378 1567 vid.
399 1514 487 1568 Mein.
506 1514 545 1567 ad
564 1513 664 1584 Steph.
684 1530 711 1583 p.
727 1514 787 1581 618,
801 1515 825 1567 4.
846 1544 879 1552 —
900 1513 966 1577 Qua
986 1513 1024 1566 de
1044 1510 1310 1587 causayEuphorio

137 1603 252 1657 dehoc
276 1619 357 1673 pago
378 1605 483 1672 egerit,
511 1605 641 1680 fortasse
661 1604 750 1657 docet
768 1601 877 1658 Strabo
896 1601 1006 1671 v1116,
1020 1601 1053 1655 19
1082 1602 1238 1669 Εὐρυσθεύς
1261 1601 1316 1665 μὲν·

136 1693 188 1746 ούν
208 1693 382 1758 στρατεύσας
402 1692 446 1746 έτί
463 1695 530 1756 τούς
549 1693 717 1759 Ἡρακλέους
735 1695 837 1756 παῖδας
856 1694 901 1745 καί
920 1693 970 1745 τόν
984 1691 1088 1745 Ἰόλαον
1108 1689 1311 1756 βοηθησόντων

136 1781 298 1847 Ἀθηναίων
319 1781 471 1848 ἱστορεῖται
490 1788 587 1836 πεσεῖν
607 1783 636 1835 ἐν
655 1787 690 1850 τῆ
711 1782 783 1847 μάχη
804 1783 849 1834 καί
861 1782 895 1834 τό
909 1783 958 1845 μὲν
973 1783 1040 1834 ἄλλο
1060 1784 1144 1846 σῶμα
1157 1780 1310 1845 Γαργηττοῖ

135 1875 269 1938 ταφῆναι,
295 1873 348 1936 τήν
375 1872 404 1924 δὲ
428 1872 554 1939 κεφαλὴν
578 1873 662 1939 χωρίς
686 1872 716 1925 ὲν
735 1872 916 1940 Τρικορύνθῳ
936 1871 1137 1936 ἀποκόψαντος
1155 1868 1245 1932 αὐτὴν
1264 1867 1310 1921 Ἰο·

135 1960 216 2014 λάου.
237 1990 267 1998 -
291 1962 337 2014 καί
357 1961 372 2013 ό
391 1961 478 2024 τόπος
497 1964 622 2014 καλεῖται
642 1961 806 2027 Εὐρυσθέως
826 1961 944 2028 κεφαλῆ.

630 2106 693 2169 112
718 2106 821 2189 μου).

244 2231 352 2297 Schol.
384 2232 517 2316 Dionys.
547 2231 673 2314 Perieg.
701 2233 768 2296 420
808 2232 859 2295 καὶ
893 2230 1012 2307 ταύτην
1046 2232 1105 2307 τῆν
1141 2229 1309 2307 Κορινθίαν

136 2345 193 2416 (sc.
219 2341 403 2420 θάλασσαν)
428 2339 594 2418 (αρωνίδα
627 2342 791 2416 καλοῦσιν,
825 2339 869 2417 ώς
904 2340 960 2417 μὲν
991 2336 1163 2418 Εὐφορίων
1196 2336 1308 2418 φησίν,

135 2447 245 2525 ἐπειδὴ
271 2446 382 2526 (ἁρων
410 2468 458 2526 τις
491 2449 629 2525 κυνηγὸς
663 2446 842 2511 ἐπιδιώκων
868 2445 971 2530 <σῦν>
1006 2444 1127 2509 ἐκεῖθεν
1160 2463 1309 2522 κατεκρη-

135 2556 253 2634 μνίσθη
283 2555 327 2635 εἰς
358 2553 539 2638 θάλασσαν,
576 2555 627 2618 καὶ
651 2555 703 2618 διὰ
739 2558 836 2618 τοῦτο
869 2553 1051 2632 (αρωνικόν
1086 2555 1239 2629 κληθῆναι
1272 2551 1309 2615 τὸ

134 2664 219 2728 πέλα
241 2683 260 2727 ο
282 2712 289 2727 .
1176 2714 1177 2718 ,

220 2685 321 2824 γΗςίιιο
341 2785 397 2824 sua
417 2768 556 2824 derivant
570 2769 652 2822 Eust.
666 2768 705 2822 ad
718 2766 807 2822 Dion.
824 2768 889 2820 Per.
903 2767 964 2832 420,
984 2766 1081 2834 Etym.
1096 2765 1132 2818 M.
1152 2781 1180 2834 p.
1194 2764 1254 2831 708,
1265 2763 1307 2818 52.

135 2860 268 2915 Oervum
288 2860 458 2928 Insequitur
477 2856 551 2914 Saro
572 2859 602 2911 in
623 2857 714 2911 schol.
734 2857 804 2910 Eur.
824 2856 944 2926 Ηίρροί.
966 2856 1043 2909 1200.

634 3002 697 3067 113
722 3003 802 3084 (49).

245 3122 248 3130 ’
296 3130 384 3210 ὄφρα
408 3151 441 3195 κε
466 3129 654 3209 μαντεύοιτο
678 3126 745 3209 μεθ’
771 3127 857 3194 υἱάσι
883 3129 1049 3210 Βοιωτοῖο,

296 3239 353 3302 τόν
377 3237 418 3316 ῥα
441 3236 646 3301 Ποσειδάωνι
671 3236 901 3315 δαμασσαμένη
926 3235 1015 3299 τέκεν
1038 3231 1149 3312 Ἄρνη,

298 3347 441 3410 Βοιωτὸν
466 3342 493 3408 δ’
519 3344 672 3423 ὀνόμηνε·
697 3345 735 3408 τὸ
759 3344 820 3422 γὰρ
843 3342 1023 3408 καλέσαντο
1047 3345 1176 3424 νομῆες,

297 3453 363 3516 ὅττι
389 3453 429 3531 ῥα
452 3457 620 3543 πατρῷῃσι
646 3454 731 3531 βοών
755 3450 937 3529 ἀπεθήκατο
960 3449 1104 3528 κόπροις.

244 3577 353 3662 Steph.
380 3577 456 3661 Byz.
487 3598 512 3641 s.
536 3598 565 3641 v.
592 3577 727 3641 Βοιωτία
751 3597 782 3660 p.
811 3576 883 3657 173,
911 3576 930 3639 9
967 3574 1116 3651 γενέσθαι
1152 3575 1187 3637 δέ
1222 3589 1305 3652 φασι

136 3687 281 3751 Βοιωτὸν
304 3684 431 3749 Ἰτώνου
460 3687 517 3749 τοθ
543 3683 785 3765 Ἀμφικτύονος,
819 3687 876 3746 τού
911 3679 978 3746 κατ’
1013 3681 1113 3746 αὐτὸν
1146 3682 1306 3760 νεωτέρου

133 3798 200 3859 τών
225 3793 453 3869 Δευκαλίωνος
483 3793 534 3856 καί
556 3791 690 3871 Πύρρας
715 3792 850 3854 παίδων.
901 3788 1097 3868 Νικοκράτης
1127 3787 1186 3869 (sie
1211 3787 1309 3870 VPA,

135 3899 354 3978 Νικόστρατος
377 3899 418 3979 R)
444 3900 479 3963 δέ
502 3915 614 3981 φησιν,
640 3899 687 3962 ότι
709 3899 921 3975 Ποσειδῶνος
946 3899 996 3962 καὶ
1013 3896 1131 3977 Ἄρνης
1155 3895 1195 3975 ἦν
1219 3899 1306 3973 παῖς,
1423 3951 1427 3960 .

135 4009 325 4088 Εὐφορίων·
349 4006 448 4086 “ὄφρα
469 4045 501 4053 -
524 4005 676 4087 κόπροιςῖ
707 4009 757 4071 καὶ
782 4006 954 4085 Εὐριπίδης
978 4003 1046 4071 (τὸν
1070 4003 1098 4069 δ’
1123 4004 1205 4085 ἀμφὶ
1230 4007 1307 4084 βοῦς

134 4118 272 4196 ῥιφέντα
297 4116 440 4179 Βοιωτὸν
463 4114 582 4180 καλεῖν
606 4115 658 4196 III.
676 4115 741 4180 489
755 4115 784 4181 Ν
788 4117 819 4192 .).
1276 4167 1278 4172 ,

203 4294 206 4298 ,
242 4223 293 4298 Et.
311 4223 354 4287 M.
370 4244 400 4308 p.
419 4223 495 4305 203,
512 4224 532 4288 8
558 4224 713 4301 Βοιωτός·
738 4221 848 4304 Ἄρνη,
873 4224 892 4301 ἡ
908 4223 1009 4302 μήτηρ
1034 4222 1153 4305 αὐτοῦ,
1168 4225 1308 4295 τεκοῦσα

134 4331 236 4396 αὐτὸν
261 4334 370 4395 λαθεῖν
388 4331 565 4410 βουλομένη
587 4332 645 4396 τὸν
668 4332 791 4410 ποτέρα
814 4331 946 4412 ἔρριψεν
962 4315 1006 4410 είς
1025 4333 1143 4411 βοώνα.
1167 4329 1255 4411 παρὰ
1269 4331 1308 4396 3τό
1387 4344 1389 4346 ’
