2902 4958
565 203 740 258 ..39-

473 496 477 504 ·
577 473 620 550 35
646 472 725 552 (28).
1215 549 1217 555 .

172 600 282 665 smol.
307 600 369 683 Ap.
394 598 454 662 aa.
481 599 512 662 11
537 598 603 662 354
625 598 810 677 Ἡρόιυρις
836 599 938 677 (sne
954 598 986 661 11
1003 619 1034 682 p.
1052 599 1106 676 35,
1131 583 1240 675 fras)

62 711 166 773 τεκαὶ
184 707 358 787 Εὐφορίων
382 707 417 770 ἐν
440 713 486 795 τῷ
510 707 615 790 Ξενίιμ
640 707 741 789 ἐκείνῃ
767 708 832 790 (ap.
851 706 1040 770 Heracleam
1058 706 1238 780 Ponticam)

63 818 147 895 φασὶ
180 817 238 879 τόν
268 816 424 894 Κέρβερον
457 813 592 892 ἀνῆχθαι
630 813 694 876 ὑπὸ
728 816 786 876 τοῦ
817 813 1011 891 Ἡρακλέους
1045 815 1095 876 καί
1128 813 1239 890 ἐμέσαι

63 924 174 1003 χολήν,
199 923 231 989 ἐξ
255 921 293 1001 ἧς
318 926 441 1000 φυῆναι
464 923 501 985 τό
526 920 725 999 καλούμενον
749 920 899 985 ἀκόνιτον
923 920 1103 1000 φάρμακον.
1187 918 1188 921 ’

171 1031 332 1113 Anonym.
365 1031 437 1106 περὶ
462 1028 601 1108 ἰοβόλων
637 1029 687 1092 καὶ
722 1028 923 1106 δηλητηρίων
959 1027 1137 1106 φαρμάκων
1167 1027 1238 1092 cod.

66 1121 139 1202 νιι.
165 1137 229 1202 aaa
254 1136 310 1201 τοι.
327 1137 454 1201 esaan
479 1134 625 1226 (nonae
649 1135 691 1198 υ.
716 1134 778 1199 aa.
803 1135 949 1200 xxvm
973 1155 1004 1218 p.
1022 1135 1240 1214 aen-:mr-

64 1245 192 1310 curialis
217 1265 283 1309 var.
312 1244 386 1308 lect.
412 1243 461 1308 lll
485 1247 551 1308 o.4
575 1264 606 1327 p.
626 1243 688 1307 143
713 1242 763 1307 cd.
791 1243 888 1308 Basil.
916 1243 999 1306 1576
1027 1244 1064 1306 τό
1089 1241 1239 1327 ἀκόνιτον

63 1352 180 1432 φύεται
214 1353 270 1430 μὲν
303 1352 339 1415 ἑν
363 1350 526 1428 Ἀκόναις·
561 1352 666 1430 λόφος
700 1351 735 1415 δέ
769 1351 857 1414 ἐστιν
887 1351 922 1414 ἐν
950 1351 1120 1433 Ἡρακλεία
1152 1348 1239 1414 οὕτω
1287 1414 1289 1418 ,

64 1459 264 1539 καλούμενος
293 1460 429 1541 Ἀκόναι,
464 1460 509 1538 ὡς
542 1460 665 1539 ίστορεῑ
699 1460 892 1537 Θεόπομπος
923 1458 1027 1538 (FHG
1044 1458 1088 1522 IV
1118 1479 1149 1542 p.
1173 1457 1240 1522 644
1323 1507 1326 1513 .
1395 1486 1398 1491 ·

63 1569 102 1634 fr.
121 1569 186 1632 200
198 1569 230 1648 a)
255 1569 305 1631 καὶ
330 1568 503 1647 Εὐφορίων
521 1564 562 1630 ’δέ
587 1567 622 1630 έν
645 1573 691 1651 τῷ
716 1567 831 1650 Ξενίῳ.

171 1674 279 1759 Etym.
305 1675 356 1758 M.
372 1696 401 1758 p.
419 1675 473 1755 50,
490 1674 532 1738 38
558 1673 735 1738 Ἀκόνιτον·
769 1673 887 1753 βοτάνη
913 1673 1166 1751 δηλητηριώδης·
1191 1672 1240 1736 ὅτι

63 1783 100 1846 έν
116 1786 186 1860 τοίς
206 1782 384 1859 Ἀκοναίοις
409 1780 501 1861 ὄρεσι
526 1784 583 1859 τῆς
601 1767 852 1859 Μαρυανδυνίας
877 1780 1048 1859 φύεται-
1068 1779 1243 1862 Εὐφορίων
1326 1807 1329 1814 ·
1402 1833 1407 1842 .

64 1893 100 1955 δὲ
125 1893 271 1969 θηλυκῶς
301 1890 384 1966 λέγει
417 1891 475 1967 τὴν
506 1889 656 1969 βοτάνην.
691 1889 774 1967 ἢῆν
808 1888 916 1965 οὐδεὶς
950 1888 1083 1952 δύναται
1113 1891 1240 1951 κονίσαι

64 1998 213 2062 τουτέστι
243 2001 379 2076 νικῆσαι.
426 2000 667 2074 κονιορτούνται
695 1996 757 2074 γάρ
781 1997 811 2060 οί
839 1996 1006 2074 νικώμενοι
1039 1975 1104 2059 τῶν
1129 1998 1240 2058 παλαι-

64 2109 163 2170 στῶν.
211 2103 324 2183 Οὕτως
349 2106 521 2184 Μεθόδιος.
636 2136 638 2138 v

174 2229 399 2298 Euphorionem
431 2231 517 2298 sequi
547 2228 667 2282 videtur
690 2227 843 2283 Nicander
866 2227 1005 2293 (Knnack
1032 2227 1132 2282 Herm.
1157 2226 1240 2281 XXV

62 2319 176 2388 87sq.)‚
203 2320 254 2387 qui
279 2319 366 2372 Alex.
391 2334 419 2372 v.
434 2318 468 2371 12
481 2333 544 2388 sqq.
575 2319 617 2372 sie
646 2319 778 2388 scripsit:
812 2317 870 2372 ἀλλ’
899 2320 963 2383 ἤτοι
992 2318 1091 2383 χολόεν
1121 2318 1170 2382 μὲν
1199 2316 1240 2370 ἰδέ

64 2408 206 2475 στομίοισι
226 2410 362 2472 δυσαλθές
380 2405 516 2474 ’τινυθείης
535 2409 674 2475 ἀκόνιτον,
694 2409 710 2461 ὃ
730 2409 764 2474 δή
785 2407 809 2474 ρ’
829 2407 991 2474 Ἀχερυίόες
1011 2409 1091 2473 ὄχθαι
1110 2407 1241 2478 φύουσιν,

63 2500 127 2553 τόθι
155 2499 248 2564 χάσμα
268 2499 460 2565 δυσέκδρομον
482 2499 645 2564 Εὐβουλῆος
661 2498 768 2564 ἀστυρά
788 2514 818 2551 τε
838 2498 964 2564 Πριόλαο
992 2497 1241 2564 καταστρεφθέντα
1319 2543 1320 2546 ,
1412 2521 1414 2527 >

63 2590 194 2643 δέδουπε.
231 2588 307 2642 Inde
325 2587 453 2641 Knaack
484 2589 594 2641 conicit
623 2589 712 2641 etiam
743 2587 825 2656 apud
846 2587 1071 2656 Euphorionem
1097 2586 1241 2649 hocloco

63 2679 160 2733 cladis
173 2676 451 2748 Mariandynorum,
466 2693 593 2747 quorum
608 2678 690 2747 regis
703 2676 778 2746 Lyci
792 2682 845 2730 aut
858 2677 940 2730 filius
953 2676 1054 2741 (schol.
1066 2674 1127 2730 Nic.
1139 2673 1184 2729 Al.
1198 2676 1240 2742 15)

63 2774 117 2822 ant
130 2769 226 2822 frater
237 2768 338 2844 (schol.
350 2766 404 2836 Ap.
416 2766 470 2820 Rh.
484 2767 513 2819 ΙΙ
523 2767 587 2829 758)
595 2766 771 2835 perhibetur
784 2766 908 2831 Priolas,
927 2767 1111 2819 mentionem
1128 2766 1240 2819 iactam

63 2873 140 2912 esse.
180 2855 477 2927 Cf1·.trg·m.88—90.
516 2857 562 2911 De
581 2855 689 2910 Ovidio
715 2857 765 2910 cir.
790 2856 883 2924 praei.
904 2872 931 2924 p.
946 2856 1038 2924 lOsq.,
1059 2855 1096 2910 de
1115 2855 1241 2924 Dionys.

62 2947 183 3017 Perieg.
194 2948 234 3000 ib.
255 2963 282 3016 p.
298 2947 338 3000 11.

525 3095 783 3210 τιοΛκκΑνιιε.

399 3271 448 3334 De
472 3273 661 3353 argumento
685 3288 748 3333 non
773 3274 909 3333 constat.

579 3412 622 3477 36
647 3412 716 3494 (34)

253 3544 272 3621 ἣ
297 3544 347 3606 καὶ
373 3543 515 3620 Γαιζῆται
540 3542 611 3620 περὶ
636 3540 741 3619 όείρεα
765 3543 1057 3619 χρυσοφορεύντες.

173 3667 280 3752 Etym.
307 3667 348 3731 M.
374 3687 405 3750 p.
431 3666 507 3747 233,
525 3667 576 3730 113
612 3667 763 3743 Γαιζῆται,
797 3665 997 3748 clinicam,
1033 3666 1063 3728 oi
1091 3666 1148 3742 τὴν
1179 3668 1240 3742 γῆν

63 3779 248 3855 Ζητούντες.
285 3774 477 3852 ἐκπεσόντες
502 3774 562 3853 γὰρ
586 3778 643 3852 τῆς
667 3773 791 3837 ἑαυτῶν
808 3774 915 3852 χώρας
932 3774 1057 3851 πολλὴν
1081 3776 1141 3850 γῆν
1157 3792 1241 3852 περι-

63 3888 166 3962 ῆλθον
202 3887 383 3961 Ζητούντες,
420 3881 483 3966 όπῃ
517 3881 719 3960 οἰκήσουσιν.
776 3879 948 3959 Εὐφορίων
982 3881 1001 3958 ἢ
1034 3879 1238 3958 Πολυχαρίη·
1265 3899 1269 3907 ·

64 3989 142 4055 ὅθεν
167 3987 218 4053 καὶ
244 3991 387 4068 Γαιζῆται
411 3993 478 4054 κτλ.
1063 3978 1068 3983 ᾗ

174 4113 333 4169 Contraxit
357 4114 462 4168 Zonar.
484 4130 510 4183 p.
524 4114 586 4167 417.
611 4143 641 4152 —
666 4115 732 4166 όθεν
760 4115 805 4165 καί
834 4112 982 4179 Εὐφορίων
1011 4114 1041 4165 ἐν
1069 4112 1240 4179 Πολυχάρει·

66 4205 194 4271 Γαιζῆται
223 4207 280 4257 κτλ.
319 4202 415 4268 Mein,
445 4205 511 4256 ὅθεν
541 4204 644 4271 Εὐφορ.
670 4205 699 4255 ἐν
720 4202 793 4267 Π.ἢ
819 4204 864 4255 καὶ
883 4203 907 4256 Γ.
927 4205 985 4255 κτλ.
1012 4201 1187 4271 Buecheler.
1209 4231 1239 4240 -

68 4295 225 4363 „Fortasse
244 4293 408 4363 legendum
428 4295 491 4359 περὶ
515 4294 610 4359 δειρὴν
636 4294 684 4347 vel
717 4293 845 4359 teodone
872 4292 959 4346 Mein.
980 4292 1154 4358 (περιόέρρεα
1178 4289 1242 4360 Syl·

67 4384 166 4457 burg).
205 4382 236 4438 Si
256 4383 441 4448 mutandum,
461 4382 588 4451 legerim
609 4384 672 4448 περὶ
692 4383 805 4448 δειράσι.
