2902 4958
725 227 898 282 „20-

332 407 364 470 4.
400 405 667 472 Academicorum
706 406 967 492 philosophorum
1008 407 1105 471 index
1147 408 1399 473 Herculanensis

226 533 258 597 p.
277 513 328 593 78,
346 514 390 578 20
406 511 553 596 (Mekler)
576 514 659 579 inter
682 513 857 598 discipulos
873 513 1029 598 Lacydae
1046 523 1210 580 enumerat
1226 517 1276 580 καὶ
1296 515 1401 599 <Τ>η-

141 633 145 640 ’
227 619 361 703 λ<εκλέα
384 623 435 685 καὶ
460 620 698 703 Εὐφορί>ίωνα

333 746 364 810 5.
390 745 574 811 Athenaeus
590 746 639 809 XI
657 768 686 831 ρ.
704 747 768 811 4ίί
782 751 806 815 Ε
828 749 1053 826 Ἡγήσανδρος
1077 747 1096 811 δ
1112 748 1247 827 Δελφὸς
1261 749 1402 828 Εὐφορί-

229 854 298 918 ωνά
327 868 408 933 φησι
437 854 495 918 τὸν
528 856 664 932 ποιητὴν
699 855 786 933 παρά
809 855 987 934 Πρυτάνιδι
1018 860 1221 937 δειπνοῦντα,
1255 858 1306 920 καὶ
1335 857 1401 920 ἐπι-

228 961 432 1040 δεικνυμένου
461 965 519 1024 τού
542 962 746 1040 Πρυτάνιδος
771 963 903 1041 κιβώριά
926 984 998 1027 τινα
1023 966 1181 1028 δοκοῦντα
1205 967 1402 1041 πεποιῆσθαι

227 1071 424 1149 πολυτελῶς,
448 1072 505 1132 τού
530 1070 684 1146 κώθωνος
709 1068 744 1133 εὐ
769 1070 853 1148 μάλα
876 1071 1115 1150 προβεβηκότος
1141 1072 1249 1148 λαβὼν
1272 1072 1309 1134 ἓν
1334 1075 1402 1135 τῶν

97 1168 100 1177 ’
226 1176 384 1255 κιβωρίων
408 1175 453 1253 ῶς
479 1176 611 1241 ἐξοινῶν
635 1178 685 1240 καὶ
710 1177 836 1254 μεθύων
861 1177 1045 1256 ἐνεούρησε.

333 1301 364 1368 6.
390 1300 552 1365 Plutarch.
576 1300 617 1366 de
633 1308 736 1384 tranq.
754 1304 851 1367 animi
872 1304 911 1367 13
928 1324 958 1387 p.
976 1304 1084 1368 4721)
1110 1303 1227 1367 τούτου
1252 1299 1279 1366 δ’
1303 1304 1402 1369 οὐδὲν

229 1409 363 1487 βελτίων
386 1408 405 1471 ὁ
431 1409 627 1488 βουλόμενος
653 1408 717 1487 άμα
740 1412 797 1489 μέν
822 1409 1038 1489 Ἐμπεδοκλῆς
1063 1410 1239 1488 ἢΠλάτων
1255 1411 1274 1488 ἢ
1291 1411 1402 1490 Δημό-

226 1534 334 1594 κριτος
359 1512 449 1596 εἴναι,
474 1518 545 1593 περὶ
570 1517 692 1594 κόσμου
717 1517 854 1596 γράφων
879 1518 929 1580 καὶ
953 1522 1010 1595 τῆς
1030 1524 1096 1581 τῶν
1113 1516 1218 1582 ὄντων
1235 1517 1402 1602 ἀληθείας,

228 1620 293 1701 ἅμα
317 1623 353 1684 δὲ
375 1623 517 1704 πλουσίᾳ
540 1623 615 1701 γραί
639 1624 869 1699 συγκαθεύδειν
892 1623 938 1701 ῶς
964 1624 1163 1703 Εὐφορίων·

335 1765 365 1828 ί.
390 1764 429 1828 A.
447 1765 483 1830 Ρ.
502 1765 563 1829 VII
579 1766 655 1830 406.

713 1874 909 1952 Θεοδωρίδα.

215 2062 221 2076 ⁸
333 1978 387 2057 Εἰς
410 1981 468 2043 τὸν
493 1979 704 2059 Εὐφορίωνος
739 1981 848 2060 τάφον
878 1984 935 2045 τού
966 1981 1089 2060 μύστου
1117 1988 1182 2046 τῶν
1205 1983 1404 2059 Ἑλληνικῶν

225 2087 500 2166 μυθολογημάτων
524 2089 543 2166 ἢ
567 2077 897 2166 τελεσιουργημάτων.

386 2194 569 2274 Εὐφορίων,
600 2195 801 2273 ὁπερισσὸν
831 2195 1044 2274 ἐπιστάμενός
1072 2201 1246 2275 τιποῆσαι

432 2302 616 2380 Πειραίκοίς
641 2306 739 2366 κεῖται
763 2306 875 2366 τοῖσδε
898 2304 984 2381 παρά
1009 2304 1174 2367 σκέλεσιν·

386 2407 469 2472 ἀλλὰ
493 2410 535 2472 σύ
559 2415 604 2493 τῷ
629 2408 731 2492 μύστῃ
759 2409 851 2488 ῥοιὴν
874 2411 893 2488 ἢ
918 2414 1019 2489 μῆλον
1044 2409 1180 2489 άπαρξαι

431 2517 450 2594 ἢ
475 2516 609 2594 μύρτον·
635 2517 765 2595 καὶγὰρ
790 2518 874 2595 Ζωὸς
899 2518 962 2581 ἐῶν
986 2518 1099 2598 ἐφίλει.

334 2641 363 2706 8.
390 2641 427 2706 Α.
446 2642 482 2706 P.
499 2642 548 2705 XI
565 2642 640 2706 218.

725 2750 897 2829 Κράτητος.

364 2854 513 2934 Χοιρίλος
529 2856 718 2935 Ἀντιμάχου
743 2858 827 2921 πολὺ
845 2859 998 2925 λείπεται·
1024 2854 1094 2922 ἀλλ’
1113 2857 1163 2921 ἐπὶ
1180 2861 1259 2922 πάσι

409 2962 559 3042 Χοιρίλον
577 2964 749 3044 Εὐφορίων
774 2963 840 3043 είχε
864 2966 916 3029 διὰ
940 2967 1100 3045 στόματος

362 3071 412 3133 καὶ
429 3069 633 3147 κατάγλωσσ’
652 3072 740 3136 ἐπόει
756 3073 795 3135 τά
819 3074 969 3151 ποήματα
993 3075 1043 3136 καὶ
1069 3073 1109 3137 τά
1126 3073 1247 3150 Φιλητά

409 3176 568 3256 ἀτρεκέως
592 3180 676 3262 ᾔδει·
702 3181 752 3243 καὶ
776 3179 836 3258 γάρ
860 3178 1028 3258 Ὁμηρικὸς
1054 3180 1102 3258 ἦν.

331 3303 362 3366 9.
387 3301 520 3367 Lucian.
546 3302 586 3368 de
612 3303 686 3368 hist
706 3324 827 3368 consur.
846 3324 874 3368 ο.
887 3305 928 3369 ut
956 3305 1095 3384 μάλιστα
1111 3307 1146 3368 δέ
1164 3308 1410 3383 σωφρονητέον>

226 3410 261 3473 ἐν
284 3414 354 3487 ταῖς
379 3413 444 3473 τῶν
469 3409 555 3487 ἀρῶν
581 3411 600 3488 ἢ
624 3415 738 3489 τειχῶν
754 3413 773 3488 ἢ
791 3415 944 3490 ποταμῶν
971 3411 1160 3491 ἑρμηνείαις,
1186 3411 1230 3490 ῶς
1248 3414 1288 3490 μὴ
1306 3413 1401 3478 δύνα-

225 3537 278 3595 μιν
303 3516 409 3592 λόγων
433 3514 654 3595 ἀπειροκάλως
679 3518 982 3596 παρεπιδείκνυσθαι
1008 3519 1137 3597 δοκοίης
1155 3520 1258 3582 καὶτὸ
1275 3525 1401 3584 σαυτοῦ

224 3625 304 3701 δράν
324 3624 435 3702 παρεὶς
453 3625 511 3700 τὴν
534 3624 689 3703 ἱστορίαν,
714 3621 785 3689 ἀλλ’
805 3624 917 3700 ὀλίγον
933 3625 1188 3704 προσαψάμενος
1210 3630 1267 3689 τού
1292 3630 1400 3706 χρησί-

224 3750 284 3810 μου
308 3733 359 3794 καὶ
384 3735 513 3810 σαφούς
543 3731 635 3795 ἕνεκα
659 3735 821 3815 μεταβήσῃ
847 3733 996 3810 ἐκφυγὼν
1020 3734 1077 3795 τὸν
1106 3733 1173 3798 ἰξὸν
1203 3734 1260 3796 τὸν
1289 3733 1324 3797 έν
1354 3743 1401 3821 τῶ

144 3879 146 3885 1
223 3838 382 3917 πράγματι
406 3840 456 3902 καί
472 3841 530 3916 τὴν
560 3838 711 3914 τοιαύτην
746 3838 877 3903 ἅπασαν
902 3840 1052 3920 λιχνείαν,
1072 3838 1153 3904 ὀἷόν
1176 3862 1204 3904 τι
1229 3841 1319 3924 ὁρᾷς,
1354 3843 1402 3923 ῶς

223 3947 273 4009 καὶ
298 3944 440 4026 Ὅμηρος
465 3945 483 4008 δ
509 3947 724 4025 μεγαλόφρων
748 3950 843 4028 ποιεί,
878 3946 980 4009 καίτοι
1008 3948 1142 4025 ποιητὴς
1168 3946 1227 4010 ιύν·
1262 3955 1403 4025 παραθεῖ

220 4054 280 4117 τὸν
303 4053 470 4118 Τάνταλον
494 4055 625 4117 καὶτὸν
649 4052 759 4119 Ἰξίονα
784 4055 834 4116 καὶ
858 4054 916 4116 τὸν
943 4051 1066 4117 Τιτυὸν
1090 4056 1140 4117 καὶ
1161 4055 1237 4132 τοὺς
1262 4052 1402 4134 ἀλλους.

119 4199 121 4203 2
223 4160 249 4224 εἰ
265 4162 300 4224 δὲ
315 4161 497 4239 Παρθένιος
521 4161 540 4238 ἢ
562 4159 734 4238 Εὐφορίων
750 4161 769 4238 ἢ
787 4160 985 4238 Καλλίμαχος
1011 4160 1109 4237 ἔλεγε,
1135 4162 1252 4238 πόσοις
1276 4160 1316 4224 ἀν
1334 4162 1396 4230 οἴει

223 4267 314 4332 έπεσι
347 4269 384 4332 τὸ
420 4267 508 4345 ὕδωρ
543 4265 615 4345 ἀχρι
646 4268 728 4345 πρὸς
763 4268 800 4332 τὸ
836 4271 943 4345 χεῖλος
977 4272 1034 4331 τοῦ
1063 4268 1230 4334 Ταντάλου
1263 4268 1403 4347 ἤγαγεν·

104 4430 108 4437 ,
220 4374 289 4439 ἐίτα
313 4377 430 4454 πόσοις
455 4375 494 4438 ἂν
519 4373 628 4440 Ἰξίονα
652 4375 788 4439 έκύλισε.
