<?xml version="1.0" encoding="UTF-8"?>
<!DOCTYPE html PUBLIC "-//W3C//DTD XHTML 1.0 Transitional//EN"
    "http://www.w3.org/TR/xhtml1/DTD/xhtml1-transitional.dtd">
<html xmlns="http://www.w3.org/1999/xhtml" xml:lang="en" lang="en">
 <head>
  <title>
</title>
<meta http-equiv="Content-Type" content="text/html;charset=utf-8" />
  <meta name='ocr-system' content='tesseract 3.04.00' />
  <meta name='ocr-capabilities' content='ocr_page ocr_carea ocr_par ocr_line ocrx_word'/>
</head>
<body>
  <div class='ocr_page' id='page_1' title='image "./evphorionisfrag00schegoog_0053.png"; bbox 0 0 2902 4958; ppageno 0'>
   <div class='ocr_carea' id='block_1_1' title="bbox 641 213 822 266">
    <p class='ocr_par' dir='ltr' id='par_1_1' title="bbox 641 213 822 266">
     <span class='ocr_line' id='line_1_1' title="bbox 641 213 822 266; baseline 0 -15"><span class='ocrx_word' id='word_1_1' title='bbox 641 213 822 266; x_wconf 70' lang='lat'>-44-</span> 
     </span>
    </p>
   </div>
   <div class='ocr_carea' id='block_1_2' title="bbox 142 392 1362 1012">
    <p class='ocr_par' dir='ltr' id='par_1_2' title="bbox 142 392 1362 1012">
     <span class='ocr_line' id='line_1_2' title="bbox 144 392 1312 478; baseline 0.003 -23"><span class='ocrx_word' id='word_1_2' title='bbox 144 392 477 458; x_wconf 84' lang='lat' dir='ltr'>Wilamowitzium</span> <span class='ocrx_word' id='word_1_3' title='bbox 503 393 703 458; x_wconf 86' lang='lat' dir='ltr'>Geffcken</span> <span class='ocrx_word' id='word_1_4' title='bbox 729 393 902 476; x_wconf 76' lang='lat' dir='ltr'>(I&#39;imaoes,</span> <span class='ocrx_word' id='word_1_5' title='bbox 920 393 978 461; x_wconf 88' lang='lat' dir='ltr'>Pb.</span> <span class='ocrx_word' id='word_1_6' title='bbox 998 393 1036 460; x_wconf 93' lang='lat' dir='ltr'>U.</span> <span class='ocrx_word' id='word_1_7' title='bbox 1054 393 1137 458; x_wconf 86' lang='lat' dir='ltr'>XIII</span> <span class='ocrx_word' id='word_1_8' title='bbox 1161 415 1192 478; x_wconf 88' lang='lat' dir='ltr'>p.</span> <span class='ocrx_word' id='word_1_9' title='bbox 1214 394 1266 475; x_wconf 85' lang='lat'>13,</span> <span class='ocrx_word' id='word_1_10' title='bbox 1282 395 1312 474; x_wconf 82' lang='lat' dir='ltr'>b]</span> 
     </span>
     <span class='ocr_line' id='line_1_3' title="bbox 142 498 1314 586; baseline 0.003 -22"><span class='ocrx_word' id='word_1_11' title='bbox 142 498 277 564; x_wconf 90' lang='lat' dir='ltr'>adnotat</span> <span class='ocrx_word' id='word_1_12' title='bbox 300 537 342 546; x_wconf 92' lang='lat'><em>-</em></span> <span class='ocrx_word' id='word_1_13' title='bbox 367 506 474 565; x_wconf 86' lang='lat' dir='ltr'>tamen</span> <span class='ocrx_word' id='word_1_14' title='bbox 505 501 580 582; x_wconf 89' lang='lat' dir='ltr'>quin</span> <span class='ocrx_word' id='word_1_15' title='bbox 612 500 777 584; x_wconf 89' lang='lat' dir='ltr'>Euphorio</span> <span class='ocrx_word' id='word_1_16' title='bbox 811 501 859 566; x_wconf 92' lang='lat' dir='ltr'>his</span> <span class='ocrx_word' id='word_1_17' title='bbox 892 499 1016 566; x_wconf 92' lang='lat' dir='ltr'>duobus</span> <span class='ocrx_word' id='word_1_18' title='bbox 1050 499 1208 586; x_wconf 84' lang='lat' dir='ltr'>exemplis</span> <span class='ocrx_word' id='word_1_19' title='bbox 1243 520 1314 567; x_wconf 89' lang='lat' dir='ltr'>usus</span> 
     </span>
     <span class='ocr_line' id='line_1_4' title="bbox 142 605 1362 693; baseline 0 -21"><span class='ocrx_word' id='word_1_20' title='bbox 142 608 195 690; x_wconf 83' lang='lat' dir='ltr'>sit,</span> <span class='ocrx_word' id='word_1_21' title='bbox 220 607 358 672; x_wconf 89' lang='lat' dir='ltr'>dubitari</span> <span class='ocrx_word' id='word_1_22' title='bbox 382 609 502 690; x_wconf 91' lang='lat' dir='ltr'>nequit.</span> <span class='ocrx_word' id='word_1_23' title='bbox 550 608 697 691; x_wconf 79' lang='lat' dir='ltr'><strong>Accedit,</strong></span> <span class='ocrx_word' id='word_1_24' title='bbox 733 607 818 690; x_wconf 92' lang='lat' dir='ltr'>quod</span> <span class='ocrx_word' id='word_1_25' title='bbox 848 616 1022 693; x_wconf 89' lang='lat' dir='ltr'>temporum</span> <span class='ocrx_word' id='word_1_26' title='bbox 1049 610 1142 689; x_wconf 81' lang='lat' dir='ltr'>ratIo,</span> <span class='ocrx_word' id='word_1_27' title='bbox 1176 616 1212 673; x_wconf 94' lang='lat' dir='ltr'>ut</span> <span class='ocrx_word' id='word_1_28' title='bbox 1237 608 1315 674; x_wconf 85' lang='lat' dir='ltr'>scite</span> <span class='ocrx_word' id='word_1_29' title='bbox 1360 605 1362 609; x_wconf 73' lang='grc'>’</span> 
     </span>
     <span class='ocr_line' id='line_1_5' title="bbox 143 704 1316 799; baseline 0 -19"><span class='ocrx_word' id='word_1_30' title='bbox 143 716 327 780; x_wconf 83' lang='lat' dir='ltr'>observavit</span> <span class='ocrx_word' id='word_1_31' title='bbox 349 704 536 799; x_wconf 87' lang='lat' dir='ltr'>Thraemer,</span> <span class='ocrx_word' id='word_1_32' title='bbox 561 715 602 780; x_wconf 89' lang='lat' dir='ltr'>ad</span> <span class='ocrx_word' id='word_1_33' title='bbox 621 715 835 798; x_wconf 89' lang='lat' dir='ltr'>Euphorionis</span> <span class='ocrx_word' id='word_1_34' title='bbox 858 737 916 782; x_wconf 88' lang='lat' dir='ltr'>nos</span> <span class='ocrx_word' id='word_1_35' title='bbox 941 715 1029 780; x_wconf 84' lang='lat' dir='ltr'>ducit</span> <span class='ocrx_word' id='word_1_36' title='bbox 1053 723 1204 780; x_wconf 88' lang='lat' dir='ltr'>aetatem.</span> <span class='ocrx_word' id='word_1_37' title='bbox 1250 715 1316 780; x_wconf 85' lang='lat' dir='ltr'>Eae</span> 
     </span>
     <span class='ocr_line' id='line_1_6' title="bbox 143 821 1316 906; baseline 0.002 -21"><span class='ocrx_word' id='word_1_38' title='bbox 143 823 226 886; x_wconf 90' lang='lat' dir='ltr'>enim</span> <span class='ocrx_word' id='word_1_39' title='bbox 251 821 486 906; x_wconf 81' lang='lat' dir='ltr'>Euphorionem</span> <span class='ocrx_word' id='word_1_40' title='bbox 505 823 727 888; x_wconf 83' lang='lat' dir='ltr'>Eratosthenis</span> <span class='ocrx_word' id='word_1_41' title='bbox 751 823 892 888; x_wconf 88' lang='lat' dir='ltr'>calculos</span> <span class='ocrx_word' id='word_1_42' title='bbox 916 832 1059 888; x_wconf 89' lang='lat' dir='ltr'>secutum</span> <span class='ocrx_word' id='word_1_43' title='bbox 1077 823 1208 888; x_wconf 82' lang='lat' dir='ltr'><strong>Troiam</strong></span> <span class='ocrx_word' id='word_1_44' title='bbox 1235 843 1316 887; x_wconf 87' lang='lat' dir='ltr'>anno</span> 
     </span>
     <span class='ocr_line' id='line_1_7' title="bbox 146 930 1317 1012; baseline 0.001 -20"><span class='ocrx_word' id='word_1_45' title='bbox 146 930 230 993; x_wconf 81' lang='grc'><strong>1183</strong></span> <span class='ocrx_word' id='word_1_46' title='bbox 255 948 398 993; x_wconf 87' lang='lat' dir='ltr'>eversam</span> <span class='ocrx_word' id='word_1_47' title='bbox 416 931 577 1010; x_wconf 83' lang='lat' dir='ltr'>statuisse,</span> <span class='ocrx_word' id='word_1_48' title='bbox 603 949 799 1012; x_wconf 86' lang='lat' dir='ltr'>consequens</span> <span class='ocrx_word' id='word_1_49' title='bbox 815 938 884 995; x_wconf 89' lang='lat' dir='ltr'>erat</span> <span class='ocrx_word' id='word_1_50' title='bbox 902 930 1084 1010; x_wconf 78' lang='lat' dir='ltr'>Herculem,</span> <span class='ocrx_word' id='word_1_51' title='bbox 1104 931 1163 1012; x_wconf 90' lang='lat' dir='ltr'>·qui</span> <span class='ocrx_word' id='word_1_52' title='bbox 1188 930 1317 996; x_wconf 88' lang='lat' dir='ltr'>Priamo</span> 
     </span>
    </p>
   </div>
   <div class='ocr_carea' id='block_1_3' title="bbox 32 1037 1317 1124">
    <p class='ocr_par' dir='ltr' id='par_1_3' title="bbox 32 1037 1317 1124">
     <span class='ocr_line' id='line_1_8' title="bbox 32 1037 1317 1124; baseline 0 -24"><span class='ocrx_word' id='word_1_53' title='bbox 32 1106 37 1124; x_wconf 86' lang='lat'>-.</span> <span class='ocrx_word' id='word_1_54' title='bbox 143 1039 257 1102; x_wconf 88' lang='lat' dir='ltr'>iuvene</span> <span class='ocrx_word' id='word_1_55' title='bbox 291 1037 419 1101; x_wconf 83' lang='lat' dir='ltr'>Troiam</span> <span class='ocrx_word' id='word_1_56' title='bbox 456 1045 709 1122; x_wconf 80' lang='lat' dir='ltr'>expugnaverat,</span> <span class='ocrx_word' id='word_1_57' title='bbox 750 1059 833 1103; x_wconf 89' lang='lat' dir='ltr'>anno</span> <span class='ocrx_word' id='word_1_58' title='bbox 870 1039 997 1103; x_wconf 89' lang='lat' dir='ltr'>circiter</span> <span class='ocrx_word' id='word_1_59' title='bbox 1035 1039 1120 1102; x_wconf 80' lang='lat'>1250</span> <span class='ocrx_word' id='word_1_60' title='bbox 1155 1037 1317 1104; x_wconf 88' lang='lat' dir='ltr'>floruisse.</span> 
     </span>
    </p>
   </div>
   <div class='ocr_carea' id='block_1_4' title="bbox 56 1143 1349 3804">
    <p class='ocr_par' dir='ltr' id='par_1_4' title="bbox 56 1143 1349 3804">
     <span class='ocr_line' id='line_1_9' title="bbox 144 1143 1318 1231; baseline 0.001 -24"><span class='ocrx_word' id='word_1_61' title='bbox 144 1145 230 1208; x_wconf 87' lang='lat' dir='ltr'>Mille</span> <span class='ocrx_word' id='word_1_62' title='bbox 254 1164 354 1210; x_wconf 88' lang='lat' dir='ltr'>annos</span> <span class='ocrx_word' id='word_1_63' title='bbox 379 1146 405 1209; x_wconf 92' lang='lat' dir='ltr'>si</span> <span class='ocrx_word' id='word_1_64' title='bbox 430 1144 542 1228; x_wconf 89' lang='lat' dir='ltr'>demis,</span> <span class='ocrx_word' id='word_1_65' title='bbox 567 1145 700 1210; x_wconf 90' lang='lat' dir='ltr'>devenis</span> <span class='ocrx_word' id='word_1_66' title='bbox 725 1145 765 1209; x_wconf 92' lang='lat' dir='ltr'>ad</span> <span class='ocrx_word' id='word_1_67' title='bbox 791 1166 907 1210; x_wconf 90' lang='lat' dir='ltr'>anuum</span> <span class='ocrx_word' id='word_1_68' title='bbox 932 1148 1007 1222; x_wconf 73' lang='lat'>250,</span> <span class='ocrx_word' id='word_1_69' title='bbox 1032 1147 1053 1210; x_wconf 93' lang='lat' dir='ltr'>i.</span> <span class='ocrx_word' id='word_1_70' title='bbox 1071 1166 1099 1210; x_wconf 92' lang='grc'><strong>6.</strong></span> <span class='ocrx_word' id='word_1_71' title='bbox 1124 1143 1318 1231; x_wconf 70' lang='grc'><strong>611116116-</strong></span> 
     </span>
     <span class='ocr_line' id='line_1_10' title="bbox 144 1251 1319 1335; baseline 0.003 -21"><span class='ocrx_word' id='word_1_72' title='bbox 144 1251 242 1316; x_wconf 88' lang='lat' dir='ltr'>rionis</span> <span class='ocrx_word' id='word_1_73' title='bbox 267 1261 416 1317; x_wconf 84' lang='lat' dir='ltr'>aetatem.</span> <span class='ocrx_word' id='word_1_74' title='bbox 464 1253 531 1316; x_wconf 88' lang='lat' dir='ltr'>Iam</span> <span class='ocrx_word' id='word_1_75' title='bbox 558 1252 641 1331; x_wconf 83' lang='lat' dir='ltr'>vide,</span> <span class='ocrx_word' id='word_1_76' title='bbox 671 1273 765 1335; x_wconf 89' lang='lat' dir='ltr'>quam</span> <span class='ocrx_word' id='word_1_77' title='bbox 790 1252 1066 1318; x_wconf 88' lang='lat' dir='ltr'>accommodatum</span> <span class='ocrx_word' id='word_1_78' title='bbox 1090 1252 1188 1318; x_wconf 88' lang='lat' dir='ltr'>fuerit</span> <span class='ocrx_word' id='word_1_79' title='bbox 1212 1271 1319 1318; x_wconf 86' lang='lat' dir='ltr'>exem·</span> 
     </span>
     <span class='ocr_line' id='line_1_11' title="bbox 144 1358 1319 1443; baseline 0.006 -23"><span class='ocrx_word' id='word_1_80' title='bbox 144 1360 229 1443; x_wconf 90' lang='lat' dir='ltr'>plum</span> <span class='ocrx_word' id='word_1_81' title='bbox 255 1358 462 1442; x_wconf 91' lang='lat' dir='ltr'>Euphorioni.</span> <span class='ocrx_word' id='word_1_82' title='bbox 510 1361 619 1425; x_wconf 88' lang='lat' dir='ltr'>Poena</span> <span class='ocrx_word' id='word_1_83' title='bbox 652 1382 671 1425; x_wconf 91' lang='lat' dir='ltr'>a</span> <span class='ocrx_word' id='word_1_84' title='bbox 708 1361 792 1425; x_wconf 83' lang='lat' dir='ltr'>furto</span> <span class='ocrx_word' id='word_1_85' title='bbox 828 1360 1002 1441; x_wconf 86' lang='lat' dir='ltr'>exorditur,</span> <span class='ocrx_word' id='word_1_86' title='bbox 1037 1359 1244 1426; x_wconf 80' lang='lat' dir='ltr'>fraudatores</span> <span class='ocrx_word' id='word_1_87' title='bbox 1274 1363 1319 1427; x_wconf 93' lang='lat' dir='ltr'>in·</span> 
     </span>
     <span class='ocr_line' id='line_1_12' title="bbox 133 1466 1319 1552; baseline 0.001 -21"><span class='ocrx_word' id='word_1_88' title='bbox 133 1468 288 1548; x_wconf 84' lang='lat' dir='ltr'>sequitur</span> <span class='ocrx_word' id='word_1_89' title='bbox 311 1466 490 1551; x_wconf 79' lang='lat' dir='ltr'>Euphori03</span> <span class='ocrx_word' id='word_1_90' title='bbox 515 1489 578 1532; x_wconf 92' lang='lat' dir='ltr'>non</span> <span class='ocrx_word' id='word_1_91' title='bbox 602 1467 700 1532; x_wconf 90' lang='lat' dir='ltr'>semel</span> <span class='ocrx_word' id='word_1_92' title='bbox 724 1477 797 1552; x_wconf 89' lang='lat' dir='ltr'>post</span> <span class='ocrx_word' id='word_1_93' title='bbox 821 1468 906 1532; x_wconf 91' lang='lat' dir='ltr'>mille</span> <span class='ocrx_word' id='word_1_94' title='bbox 931 1467 1057 1532; x_wconf 91' lang='lat' dir='ltr'>demum</span> <span class='ocrx_word' id='word_1_95' title='bbox 1082 1487 1182 1532; x_wconf 85' lang='lat' dir='ltr'>annos</span> <span class='ocrx_word' id='word_1_96' title='bbox 1199 1469 1319 1545; x_wconf 87' lang='lat' dir='ltr'>evenit,</span> 
     </span>
     <span class='ocr_line' id='line_1_13' title="bbox 144 1573 1318 1658; baseline -0.002 -20"><span class='ocrx_word' id='word_1_97' title='bbox 144 1574 200 1638; x_wconf 90' lang='lat' dir='ltr'>sed</span> <span class='ocrx_word' id='word_1_98' title='bbox 226 1574 438 1658; x_wconf 76' lang='lat' dir='ltr'>compluriens</span> <span class='ocrx_word' id='word_1_99' title='bbox 462 1573 523 1639; x_wconf 92' lang='lat' dir='ltr'>hoc</span> <span class='ocrx_word' id='word_1_100' title='bbox 547 1575 701 1658; x_wconf 88' lang='lat' dir='ltr'>temporis</span> <span class='ocrx_word' id='word_1_101' title='bbox 724 1576 830 1658; x_wconf 91' lang='lat' dir='ltr'>spatio</span> <span class='ocrx_word' id='word_1_102' title='bbox 855 1574 982 1640; x_wconf 89' lang='lat' dir='ltr'>redibat</span> <span class='ocrx_word' id='word_1_103' title='bbox 1007 1576 1079 1652; x_wconf 88' lang='lat' dir='ltr'>(cfr.</span> <span class='ocrx_word' id='word_1_104' title='bbox 1104 1574 1186 1638; x_wconf 85' lang='lat' dir='ltr'>Ptin.</span> <span class='ocrx_word' id='word_1_105' title='bbox 1211 1575 1255 1641; x_wconf 88' lang='lat' dir='ltr'>N.</span> <span class='ocrx_word' id='word_1_106' title='bbox 1279 1577 1318 1640; x_wconf 91' lang='lat' dir='ltr'>H.</span> 
     </span>
     <span class='ocr_line' id='line_1_14' title="bbox 144 1681 1319 1766; baseline 0.003 -22"><span class='ocrx_word' id='word_1_107' title='bbox 144 1683 197 1763; x_wconf 84' lang='lat'>31,</span> <span class='ocrx_word' id='word_1_108' title='bbox 222 1682 275 1761; x_wconf 83' lang='grc'>54,</span> <span class='ocrx_word' id='word_1_109' title='bbox 310 1701 403 1762; x_wconf 86' lang='lat' dir='ltr'>quem</span> <span class='ocrx_word' id='word_1_110' title='bbox 432 1681 535 1745; x_wconf 89' lang='lat' dir='ltr'>locum</span> <span class='ocrx_word' id='word_1_111' title='bbox 566 1682 659 1746; x_wconf 86' lang='lat' dir='ltr'>attuli</span> <span class='ocrx_word' id='word_1_112' title='bbox 684 1682 724 1745; x_wconf 91' lang='lat' dir='ltr'>ad</span> <span class='ocrx_word' id='word_1_113' title='bbox 750 1682 844 1765; x_wconf 87' lang='lat' dir='ltr'>frgm.</span> <span class='ocrx_word' id='word_1_114' title='bbox 869 1682 1166 1766; x_wconf 66' lang='grc'><strong>6311111111(</strong></span> <span class='ocrx_word' id='word_1_115' title='bbox 1199 1689 1319 1765; x_wconf 84' lang='lat' dir='ltr'>autem,</span> 
     </span>
     <span class='ocr_line' id='line_1_15' title="bbox 146 1788 1320 1872; baseline 0 -18"><span class='ocrx_word' id='word_1_116' title='bbox 146 1789 231 1871; x_wconf 86' lang='lat' dir='ltr'>quod</span> <span class='ocrx_word' id='word_1_117' title='bbox 256 1797 344 1853; x_wconf 91' lang='grc'><strong>16616</strong></span> <span class='ocrx_word' id='word_1_118' title='bbox 369 1789 490 1853; x_wconf 91' lang='lat' dir='ltr'>monuit</span> <span class='ocrx_word' id='word_1_119' title='bbox 513 1789 699 1870; x_wconf 86' lang='lat' dir='ltr'>Thracmer,</span> <span class='ocrx_word' id='word_1_120' title='bbox 725 1788 757 1852; x_wconf 91' lang='lat' dir='ltr'>id</span> <span class='ocrx_word' id='word_1_121' title='bbox 783 1789 942 1872; x_wconf 86' lang='lat' dir='ltr'>agendum</span> <span class='ocrx_word' id='word_1_122' title='bbox 967 1797 1046 1869; x_wconf 85' lang='lat' dir='ltr'>erat,</span> <span class='ocrx_word' id='word_1_123' title='bbox 1072 1796 1190 1853; x_wconf 93' lang='lat' dir='ltr'>utnon</span> <span class='ocrx_word' id='word_1_124' title='bbox 1216 1790 1320 1854; x_wconf 90' lang='lat' dir='ltr'>solum</span> 
     </span>
     <span class='ocr_line' id='line_1_16' title="bbox 144 1895 1320 1987; baseline 0 -26"><span class='ocrx_word' id='word_1_125' title='bbox 144 1899 351 1987; x_wconf 87' lang='lat' dir='ltr'>impostorum</span> <span class='ocrx_word' id='word_1_126' title='bbox 369 1896 534 1979; x_wconf 87' lang='lat' dir='ltr'>progeniei</span> <span class='ocrx_word' id='word_1_127' title='bbox 552 1897 790 1976; x_wconf 85' lang='lat' dir='ltr'>remotissimae,</span> <span class='ocrx_word' id='word_1_128' title='bbox 816 1895 872 1960; x_wconf 88' lang='lat' dir='ltr'>scd</span> <span class='ocrx_word' id='word_1_129' title='bbox 896 1897 991 1961; x_wconf 79' lang='lat' dir='ltr'>edam</span> <span class='ocrx_word' id='word_1_130' title='bbox 1017 1897 1056 1960; x_wconf 94' lang='lat' dir='ltr'>iis</span> <span class='ocrx_word' id='word_1_131' title='bbox 1080 1896 1159 1981; x_wconf 92' lang='lat' dir='ltr'>ipsis</span> <span class='ocrx_word' id='word_1_132' title='bbox 1181 1916 1320 1979; x_wconf 91' lang='lat' dir='ltr'>poenam</span> 
     </span>
     <span class='ocr_line' id='line_1_17' title="bbox 147 2002 1320 2088; baseline 0.002 -20"><span class='ocrx_word' id='word_1_133' title='bbox 147 2003 331 2088; x_wconf 90' lang='lat' dir='ltr'>impendere</span> <span class='ocrx_word' id='word_1_134' title='bbox 367 2002 571 2068; x_wconf 75' lang='lat' dir='ltr'>ostenderet</span> <span class='ocrx_word' id='word_1_135' title='bbox 622 2003 732 2068; x_wconf 85' lang='lat' dir='ltr'>Altero</span> <span class='ocrx_word' id='word_1_136' title='bbox 768 2004 914 2087; x_wconf 83' lang='lat' dir='ltr'>exemplo</span> <span class='ocrx_word' id='word_1_137' title='bbox 953 2003 1189 2087; x_wconf 83' lang='lat' dir='ltr'>Euphorionem</span> <span class='ocrx_word' id='word_1_138' title='bbox 1228 2024 1320 2069; x_wconf 89' lang='lat' dir='ltr'>usum</span> 
     </span>
     <span class='ocr_line' id='line_1_18' title="bbox 56 2110 1321 2196; baseline -0.002 -19"><span class='ocrx_word' id='word_1_139' title='bbox 56 2185 57 2188; x_wconf 8' lang='grc' dir='ltr'><strong>Ἴ</strong></span> <span class='ocrx_word' id='word_1_140' title='bbox 145 2130 214 2178; x_wconf 83' lang='grc'><strong>6116</strong></span> <span class='ocrx_word' id='word_1_141' title='bbox 250 2110 300 2174; x_wconf 91' lang='lat' dir='ltr'>vel</span> <span class='ocrx_word' id='word_1_142' title='bbox 331 2111 424 2193; x_wconf 88' lang='lat' dir='ltr'>frgm.</span> <span class='ocrx_word' id='word_1_143' title='bbox 451 2110 504 2191; x_wconf 76' lang='lat'>83,</span> <span class='ocrx_word' id='word_1_144' title='bbox 539 2130 578 2174; x_wconf 87' lang='lat' dir='ltr'>ex</span> <span class='ocrx_word' id='word_1_145' title='bbox 607 2110 801 2175; x_wconf 78' lang='lat' dir='ltr'>Graecorum</span> <span class='ocrx_word' id='word_1_146' title='bbox 838 2110 924 2194; x_wconf 88' lang='lat' dir='ltr'>apud</span> <span class='ocrx_word' id='word_1_147' title='bbox 957 2110 1120 2174; x_wconf 85' lang='lat' dir='ltr'>Euboeam</span> <span class='ocrx_word' id='word_1_148' title='bbox 1155 2111 1321 2196; x_wconf 85' lang='lat' dir='ltr'>naufragii</span> 
     </span>
     <span class='ocr_line' id='line_1_19' title="bbox 145 2217 1322 2301; baseline -0.003 -17"><span class='ocrx_word' id='word_1_149' title='bbox 145 2217 372 2301; x_wconf 74' lang='lat' dir='ltr'>descriptione,</span> <span class='ocrx_word' id='word_1_150' title='bbox 397 2237 459 2298; x_wconf 91' lang='lat' dir='ltr'>quo</span> <span class='ocrx_word' id='word_1_151' title='bbox 484 2218 553 2301; x_wconf 91' lang='lat' dir='ltr'>ipse</span> <span class='ocrx_word' id='word_1_152' title='bbox 576 2217 784 2282; x_wconf 85' lang='lat' dir='ltr'>Locrensium</span> <span class='ocrx_word' id='word_1_153' title='bbox 808 2237 931 2301; x_wconf 85' lang='lat' dir='ltr'>poenae</span> <span class='ocrx_word' id='word_1_154' title='bbox 956 2224 1066 2281; x_wconf 89' lang='lat' dir='ltr'>auctor</span> <span class='ocrx_word' id='word_1_155' title='bbox 1082 2219 1161 2283; x_wconf 83' lang='lat' dir='ltr'>Aias</span> <span class='ocrx_word' id='word_1_156' title='bbox 1187 2217 1322 2301; x_wconf 88' lang='lat' dir='ltr'>interiit,</span> 
     </span>
     <span class='ocr_line' id='line_1_20' title="bbox 146 2323 1321 2409; baseline 0.002 -19"><span class='ocrx_word' id='word_1_157' title='bbox 146 2327 347 2409; x_wconf 87' lang='lat' dir='ltr'>desumptum</span> <span class='ocrx_word' id='word_1_158' title='bbox 380 2325 505 2407; x_wconf 90' lang='lat' dir='ltr'>probat.</span> <span class='ocrx_word' id='word_1_159' title='bbox 558 2323 681 2387; x_wconf 88' lang='lat' dir='ltr'>Pendet</span> <span class='ocrx_word' id='word_1_160' title='bbox 712 2324 804 2388; x_wconf 91' lang='lat' dir='ltr'>huius</span> <span class='ocrx_word' id='word_1_161' title='bbox 836 2343 959 2408; x_wconf 89' lang='lat' dir='ltr'>poenae</span> <span class='ocrx_word' id='word_1_162' title='bbox 992 2324 1107 2389; x_wconf 89' lang='lat' dir='ltr'>notitia</span> <span class='ocrx_word' id='word_1_163' title='bbox 1130 2345 1150 2388; x_wconf 90' lang='lat' dir='ltr'>a</span> <span class='ocrx_word' id='word_1_164' title='bbox 1173 2324 1321 2402; x_wconf 85' lang='lat' dir='ltr'>Timaeo,</span> 
     </span>
     <span class='ocr_line' id='line_1_21' title="bbox 147 2416 1323 2516; baseline 0.001 -19"><span class='ocrx_word' id='word_1_165' title='bbox 147 2435 200 2516; x_wconf 88' lang='lat' dir='ltr'>qui</span> <span class='ocrx_word' id='word_1_166' title='bbox 224 2432 323 2497; x_wconf 91' lang='lat' dir='ltr'>finem</span> <span class='ocrx_word' id='word_1_167' title='bbox 348 2451 418 2496; x_wconf 87' lang='lat' dir='ltr'>eam</span> <span class='ocrx_word' id='word_1_168' title='bbox 443 2431 602 2497; x_wconf 82' lang='lat' dir='ltr'>invenIsse</span> <span class='ocrx_word' id='word_1_169' title='bbox 621 2416 736 2496; x_wconf 49' lang='lat' dir='ltr'>&#39;docuit</span> <span class='ocrx_word' id='word_1_170' title='bbox 760 2440 833 2516; x_wconf 91' lang='lat' dir='ltr'>post</span> <span class='ocrx_word' id='word_1_171' title='bbox 856 2453 973 2496; x_wconf 87' lang='lat' dir='ltr'>annnm</span> <span class='ocrx_word' id='word_1_172' title='bbox 990 2432 1055 2496; x_wconf 84' lang='grc'>346</span> <span class='ocrx_word' id='word_1_173' title='bbox 1067 2434 1101 2512; x_wconf 77' lang='lat'>¹).</span> <span class='ocrx_word' id='word_1_174' title='bbox 1149 2431 1221 2508; x_wconf 83' lang='lat' dir='ltr'>Qua</span> <span class='ocrx_word' id='word_1_175' title='bbox 1237 2434 1270 2497; x_wconf 95' lang='lat' dir='ltr'>in</span> <span class='ocrx_word' id='word_1_176' title='bbox 1288 2454 1323 2498; x_wconf 91' lang='lat' dir='ltr'>re</span> 
     </span>
     <span class='ocr_line' id='line_1_22' title="bbox 145 2535 1322 2622; baseline 0 -17"><span class='ocrx_word' id='word_1_177' title='bbox 145 2543 170 2605; x_wconf 90' lang='lat' dir='ltr'>si</span> <span class='ocrx_word' id='word_1_178' title='bbox 196 2535 267 2605; x_wconf 88' lang='lat' dir='ltr'>eum</span> <span class='ocrx_word' id='word_1_179' title='bbox 292 2546 420 2605; x_wconf 87' lang='lat' dir='ltr'>secutus</span> <span class='ocrx_word' id='word_1_180' title='bbox 444 2547 492 2603; x_wconf 90' lang='grc'>611</span> <span class='ocrx_word' id='word_1_181' title='bbox 517 2538 690 2622; x_wconf 87' lang='lat' dir='ltr'>Euphorio,</span> <span class='ocrx_word' id='word_1_182' title='bbox 716 2559 786 2602; x_wconf 92' lang='lat' dir='ltr'>cum</span> <span class='ocrx_word' id='word_1_183' title='bbox 812 2560 894 2604; x_wconf 88' lang='lat' dir='ltr'>anno</span> <span class='ocrx_word' id='word_1_184' title='bbox 922 2539 1006 2604; x_wconf 89' lang='grc'><strong>1183</strong></span> <span class='ocrx_word' id='word_1_185' title='bbox 1024 2539 1153 2605; x_wconf 85' lang='lat' dir='ltr'>Troiam</span> <span class='ocrx_word' id='word_1_186' title='bbox 1178 2538 1322 2605; x_wconf 88' lang='lat' dir='ltr'>deletam</span> 
     </span>
     <span class='ocr_line' id='line_1_23' title="bbox 146 2645 1322 2733; baseline 0 -20"><span class='ocrx_word' id='word_1_187' title='bbox 146 2668 214 2713; x_wconf 88' lang='lat' dir='ltr'>esse</span> <span class='ocrx_word' id='word_1_188' title='bbox 239 2653 404 2729; x_wconf 88' lang='lat' dir='ltr'>statueret,</span> <span class='ocrx_word' id='word_1_189' title='bbox 433 2645 602 2710; x_wconf 87' lang='lat' dir='ltr'>miliarium</span> <span class='ocrx_word' id='word_1_190' title='bbox 627 2666 779 2710; x_wconf 90' lang='lat' dir='ltr'>annorum</span> <span class='ocrx_word' id='word_1_191' title='bbox 805 2666 967 2710; x_wconf 89' lang='lat' dir='ltr'>numerum</span> <span class='ocrx_word' id='word_1_192' title='bbox 993 2646 1153 2730; x_wconf 89' lang='lat' dir='ltr'>complere</span> <span class='ocrx_word' id='word_1_193' title='bbox 1177 2668 1240 2711; x_wconf 95' lang='grc'>161</span> <span class='ocrx_word' id='word_1_194' title='bbox 1267 2670 1322 2733; x_wconf 94' lang='lat' dir='ltr'>po-</span> 
     </span>
     <span class='ocr_line' id='line_1_24' title="bbox 145 2752 1322 2836; baseline 0 -17"><span class='ocrx_word' id='word_1_195' title='bbox 145 2756 215 2819; x_wconf 87' lang='lat' dir='ltr'>tuit.</span> <span class='ocrx_word' id='word_1_196' title='bbox 265 2754 380 2818; x_wconf 80' lang='lat' dir='ltr'>Fuitne</span> <span class='ocrx_word' id='word_1_197' title='bbox 404 2752 502 2836; x_wconf 86' lang='lat' dir='ltr'>igitur</span> <span class='ocrx_word' id='word_1_198' title='bbox 527 2759 695 2818; x_wconf 84' lang='lat' dir='ltr'>contentus</span> <span class='ocrx_word' id='word_1_199' title='bbox 719 2774 849 2818; x_wconf 91' lang='lat' dir='ltr'>numero</span> <span class='ocrx_word' id='word_1_200' title='bbox 874 2760 963 2818; x_wconf 88' lang='lat' dir='ltr'>tanto</span> <span class='ocrx_word' id='word_1_201' title='bbox 987 2752 1130 2819; x_wconf 80' lang='lat' dir='ltr'>minore?</span> <span class='ocrx_word' id='word_1_202' title='bbox 1177 2754 1322 2821; x_wconf 88' lang='lat' dir='ltr'>Minime.</span> 
     </span>
     <span class='ocr_line' id='line_1_25' title="bbox 147 2859 1323 2953; baseline 0.001 -27"><span class='ocrx_word' id='word_1_203' title='bbox 147 2863 254 2945; x_wconf 78' lang='lat' dir='ltr'>Ergm.</span> <span class='ocrx_word' id='word_1_204' title='bbox 280 2860 411 2953; x_wconf 55' lang='lat'>64†83</span> <span class='ocrx_word' id='word_1_205' title='bbox 448 2859 599 2926; x_wconf 89' lang='lat' dir='ltr'>docemur</span> <span class='ocrx_word' id='word_1_206' title='bbox 632 2859 868 2944; x_wconf 88' lang='lat' dir='ltr'>Euphorionem</span> <span class='ocrx_word' id='word_1_207' title='bbox 908 2881 959 2926; x_wconf 91' lang='lat' dir='ltr'>res</span> <span class='ocrx_word' id='word_1_208' title='bbox 995 2862 1128 2925; x_wconf 81' lang='lat' dir='ltr'>Troicos</span> <span class='ocrx_word' id='word_1_209' title='bbox 1164 2862 1205 2926; x_wconf 92' lang='lat' dir='ltr'>ab</span> <span class='ocrx_word' id='word_1_210' title='bbox 1241 2863 1323 2927; x_wconf 87' lang='lat' dir='ltr'>urbe</span> 
     </span>
     <span class='ocr_line' id='line_1_26' title="bbox 146 2967 1323 3053; baseline -0.001 -18"><span class='ocrx_word' id='word_1_211' title='bbox 146 2970 278 3035; x_wconf 91' lang='lat' dir='ltr'>condita</span> <span class='ocrx_word' id='word_1_212' title='bbox 303 2988 402 3049; x_wconf 86' lang='lat' dir='ltr'>usque</span> <span class='ocrx_word' id='word_1_213' title='bbox 427 2967 469 3031; x_wconf 88' lang='lat' dir='ltr'>ad</span> <span class='ocrx_word' id='word_1_214' title='bbox 498 2969 766 3053; x_wconf 83' lang='lat' dir='ltr'>expuguationem</span> <span class='ocrx_word' id='word_1_215' title='bbox 797 2988 974 3033; x_wconf 88' lang='lat' dir='ltr'>enarrasse.</span> <span class='ocrx_word' id='word_1_216' title='bbox 1020 2968 1220 3033; x_wconf 86' lang='lat' dir='ltr'>Knaachii</span> <span class='ocrx_word' id='word_1_217' title='bbox 1251 2989 1323 3037; x_wconf 89' lang='lat' dir='ltr'>sen-</span> 
     </span>
     <span class='ocr_line' id='line_1_27' title="bbox 147 3075 1322 3160; baseline 0 -18"><span class='ocrx_word' id='word_1_218' title='bbox 147 3079 248 3142; x_wconf 87' lang='lat' dir='ltr'>tentia</span> <span class='ocrx_word' id='word_1_219' title='bbox 273 3075 398 3157; x_wconf 86' lang='lat' dir='ltr'>(Elech.</span> <span class='ocrx_word' id='word_1_220' title='bbox 421 3075 597 3140; x_wconf 81' lang='lat' dir='ltr'>ann.1888</span> <span class='ocrx_word' id='word_1_221' title='bbox 623 3095 659 3159; x_wconf 72' lang='lat' dir='ltr'>p.v</span> <span class='ocrx_word' id='word_1_222' title='bbox 674 3076 732 3140; x_wconf 79' lang='lat'>151</span> <span class='ocrx_word' id='word_1_223' title='bbox 749 3079 809 3158; x_wconf 83' lang='lat' dir='ltr'>sq.)</span> <span class='ocrx_word' id='word_1_224' title='bbox 834 3083 962 3160; x_wconf 87' lang='lat' dir='ltr'>poetam</span> <span class='ocrx_word' id='word_1_225' title='bbox 988 3082 1119 3160; x_wconf 89' lang='lat' dir='ltr'>propter</span> <span class='ocrx_word' id='word_1_226' title='bbox 1144 3076 1322 3157; x_wconf 89' lang='lat' dir='ltr'>oraculum,</span> 
     </span>
     <span class='ocr_line' id='line_1_28' title="bbox 147 3182 1322 3268; baseline 0.001 -19"><span class='ocrx_word' id='word_1_227' title='bbox 147 3184 229 3268; x_wconf 90' lang='lat' dir='ltr'>quod</span> <span class='ocrx_word' id='word_1_228' title='bbox 268 3183 474 3248; x_wconf 87' lang='lat' dir='ltr'>Locrensium</span> <span class='ocrx_word' id='word_1_229' title='bbox 511 3203 645 3266; x_wconf 86' lang='lat' dir='ltr'>poenam</span> <span class='ocrx_word' id='word_1_230' title='bbox 681 3183 894 3267; x_wconf 87' lang='lat' dir='ltr'>praediceret,</span> <span class='ocrx_word' id='word_1_231' title='bbox 932 3190 1023 3246; x_wconf 89' lang='lat' dir='ltr'>tauta</span> <span class='ocrx_word' id='word_1_232' title='bbox 1058 3182 1202 3248; x_wconf 92' lang='lat' dir='ltr'>molitum</span> <span class='ocrx_word' id='word_1_233' title='bbox 1239 3204 1322 3264; x_wconf 87' lang='lat' dir='ltr'>esse,</span> 
     </span>
     <span class='ocr_line' id='line_1_29' title="bbox 147 3272 1325 3375; baseline -0.001 -18"><span class='ocrx_word' id='word_1_234' title='bbox 147 3313 243 3375; x_wconf 88' lang='lat' dir='ltr'>quarn</span> <span class='ocrx_word' id='word_1_235' title='bbox 267 3291 395 3354; x_wconf 91' lang='lat' dir='ltr'>minime</span> <span class='ocrx_word' id='word_1_236' title='bbox 419 3290 460 3354; x_wconf 90' lang='lat' dir='ltr'>sit</span> <span class='ocrx_word' id='word_1_237' title='bbox 489 3272 674 3374; x_wconf 87' lang='lat' dir='ltr'>probabihs,</span> <span class='ocrx_word' id='word_1_238' title='bbox 700 3311 762 3355; x_wconf 92' lang='lat' dir='ltr'>uon</span> <span class='ocrx_word' id='word_1_239' title='bbox 787 3312 866 3375; x_wconf 92' lang='lat' dir='ltr'>opus</span> <span class='ocrx_word' id='word_1_240' title='bbox 890 3297 939 3355; x_wconf 88' lang='grc'>611</span> <span class='ocrx_word' id='word_1_241' title='bbox 963 3289 1140 3356; x_wconf 89' lang='lat' dir='ltr'>ostendere.</span> <span class='ocrx_word' id='word_1_242' title='bbox 1189 3290 1325 3358; x_wconf 82' lang='lat' dir='ltr'>Sufficit</span> 
     </span>
     <span class='ocr_line' id='line_1_30' title="bbox 147 3395 1323 3481; baseline 0 -16"><span class='ocrx_word' id='word_1_243' title='bbox 147 3418 275 3465; x_wconf 89' lang='lat' dir='ltr'>monere</span> <span class='ocrx_word' id='word_1_244' title='bbox 301 3397 419 3461; x_wconf 89' lang='lat' dir='ltr'>habere</span> <span class='ocrx_word' id='word_1_245' title='bbox 443 3417 500 3462; x_wconf 91' lang='lat' dir='ltr'>nos</span> <span class='ocrx_word' id='word_1_246' title='bbox 525 3395 704 3481; x_wconf 88' lang='lat' dir='ltr'>oraculum,-</span> <span class='ocrx_word' id='word_1_247' title='bbox 722 3397 805 3472; x_wconf 91' lang='lat' dir='ltr'>unde</span> <span class='ocrx_word' id='word_1_248' title='bbox 830 3418 959 3463; x_wconf 87' lang='lat' dir='ltr'>causam</span> <span class='ocrx_word' id='word_1_249' title='bbox 976 3414 1040 3462; x_wconf 72' lang='lat' dir='ltr'>‘res</span> <span class='ocrx_word' id='word_1_250' title='bbox 1064 3398 1199 3464; x_wconf 76' lang='grc' dir='ltr'>Γ1161661</span> <span class='ocrx_word' id='word_1_251' title='bbox 1232 3419 1323 3465; x_wconf 87' lang='lat' dir='ltr'>enar-</span> 
     </span>
     <span class='ocr_line' id='line_1_31' title="bbox 147 3504 1349 3589; baseline 0 -19"><span class='ocrx_word' id='word_1_252' title='bbox 147 3506 238 3572; x_wconf 86' lang='lat' dir='ltr'>randi</span> <span class='ocrx_word' id='word_1_253' title='bbox 263 3505 362 3568; x_wconf 89' lang='lat' dir='ltr'>multo</span> <span class='ocrx_word' id='word_1_254' title='bbox 387 3504 497 3570; x_wconf 84' lang='lat' dir='ltr'>meiius</span> <span class='ocrx_word' id='word_1_255' title='bbox 521 3511 666 3588; x_wconf 89' lang='lat' dir='ltr'>repetere</span> <span class='ocrx_word' id='word_1_256' title='bbox 697 3505 837 3589; x_wconf 86' lang='lat' dir='ltr'>potuerit</span> <span class='ocrx_word' id='word_1_257' title='bbox 862 3505 1036 3588; x_wconf 88' lang='lat' dir='ltr'>Euphorio.</span> <span class='ocrx_word' id='word_1_258' title='bbox 1084 3506 1191 3585; x_wconf 80' lang='lat' dir='ltr'>Ergm.</span> <span class='ocrx_word' id='word_1_259' title='bbox 1216 3507 1260 3570; x_wconf 84' lang='grc'>64</span> <span class='ocrx_word' id='word_1_260' title='bbox 1292 3507 1349 3588; x_wconf 83' lang='grc' dir='ltr'>(ἦ-</span> 
     </span>
     <span class='ocr_line' id='line_1_32' title="bbox 147 3611 1325 3694; baseline 0.003 -17"><span class='ocrx_word' id='word_1_261' title='bbox 147 3615 206 3692; x_wconf 85' lang='grc' dir='ltr'>γὰρ</span> <span class='ocrx_word' id='word_1_262' title='bbox 232 3614 270 3691; x_wconf 80' lang='grc' dir='ltr'>δὴ</span> <span class='ocrx_word' id='word_1_263' title='bbox 296 3612 417 3691; x_wconf 83' lang='grc' dir='ltr'>Φοῖβός</span> <span class='ocrx_word' id='word_1_264' title='bbox 442 3634 475 3676; x_wconf 87' lang='grc' dir='ltr'>τε</span> <span class='ocrx_word' id='word_1_265' title='bbox 499 3612 693 3676; x_wconf 81' lang='grc' dir='ltr'>Ποσειδάων</span> <span class='ocrx_word' id='word_1_266' title='bbox 717 3613 743 3675; x_wconf 82' lang='grc' dir='ltr'>τ’</span> <span class='ocrx_word' id='word_1_267' title='bbox 769 3612 951 3676; x_wconf 86' lang='grc' dir='ltr'>ἐκάλεσσαν</span> <span class='ocrx_word' id='word_1_268' title='bbox 975 3612 1093 3677; x_wconf 88' lang='grc' dir='ltr'>Αἰακὸν</span> <span class='ocrx_word' id='word_1_269' title='bbox 1119 3613 1177 3676; x_wconf 87' lang='grc' dir='ltr'>οὐκ</span> <span class='ocrx_word' id='word_1_270' title='bbox 1206 3611 1325 3694; x_wconf 85' lang='grc' dir='ltr'>ἀβοηθὶ</span> 
     </span>
     <span class='ocr_line' id='line_1_33' title="bbox 147 3719 1324 3804; baseline 0.002 -20"><span class='ocrx_word' id='word_1_271' title='bbox 147 3723 217 3799; x_wconf 86' lang='grc' dir='ltr'>περὶ</span> <span class='ocrx_word' id='word_1_272' title='bbox 242 3720 401 3798; x_wconf 81' lang='grc' dir='ltr'>κρήδεμνα</span> <span class='ocrx_word' id='word_1_273' title='bbox 427 3721 591 3799; x_wconf 82' lang='grc' dir='ltr'>δέμοντες)</span> <span class='ocrx_word' id='word_1_274' title='bbox 617 3719 865 3804; x_wconf 89' lang='lat' dir='ltr'>comparandum</span> <span class='ocrx_word' id='word_1_275' title='bbox 891 3725 940 3784; x_wconf 87' lang='lat' dir='ltr'>est</span> <span class='ocrx_word' id='word_1_276' title='bbox 965 3739 1036 3784; x_wconf 92' lang='lat' dir='ltr'>cum</span> <span class='ocrx_word' id='word_1_277' title='bbox 1060 3719 1222 3785; x_wconf 83' lang='grc' dir='ltr'><strong>Ρ11(1.ΟΙ.</strong></span> <span class='ocrx_word' id='word_1_278' title='bbox 1243 3720 1324 3786; x_wconf 93' lang='lat' dir='ltr'>VIII</span> 
     </span>
    </p>
   </div>
   <div class='ocr_carea' id='block_1_5' title="bbox 168 3847 333 3854">
    <p class='ocr_par' dir='ltr' id='par_1_5' title="bbox 168 3847 333 3854">
     <span class='ocr_line' id='line_1_34' title="bbox 168 3847 333 3854; baseline 0 -1"><span class='ocrx_word' id='word_1_279' title='bbox 168 3847 333 3854; x_wconf 69' lang='lat'>...--.--—</span> 
     </span>
    </p>
   </div>
   <div class='ocr_carea' id='block_1_6' title="bbox 146 3934 1326 4436">
    <p class='ocr_par' dir='ltr' id='par_1_6' title="bbox 146 3934 1326 4436">
     <span class='ocr_line' id='line_1_35' title="bbox 255 3934 1324 4005; baseline 0.006 -19"><span class='ocrx_word' id='word_1_280' title='bbox 255 3937 280 3995; x_wconf 80' lang='grc'>1)</span> <span class='ocrx_word' id='word_1_281' title='bbox 303 3934 401 3989; x_wconf 81' lang='lat' dir='ltr'>Taetz.</span> <span class='ocrx_word' id='word_1_282' title='bbox 426 3937 465 3988; x_wconf 91' lang='lat' dir='ltr'>ad</span> <span class='ocrx_word' id='word_1_283' title='bbox 485 3935 632 4005; x_wconf 88' lang='lat' dir='ltr'>Lycopbr.</span> <span class='ocrx_word' id='word_1_284' title='bbox 655 3936 719 3988; x_wconf 85' lang='grc'><strong>1141</strong></span> <span class='ocrx_word' id='word_1_285' title='bbox 752 3936 847 4001; x_wconf 83' lang='grc' dir='ltr'>χιλίων</span> <span class='ocrx_word' id='word_1_286' title='bbox 871 3935 894 3987; x_wconf 82' lang='grc' dir='ltr'>δ’</span> <span class='ocrx_word' id='word_1_287' title='bbox 921 3936 992 3988; x_wconf 82' lang='grc' dir='ltr'>ἐτῶν</span> <span class='ocrx_word' id='word_1_288' title='bbox 1021 3938 1222 4003; x_wconf 81' lang='grc' dir='ltr'>παρελθόντων</span> <span class='ocrx_word' id='word_1_289' title='bbox 1253 3940 1324 4002; x_wconf 76' lang='grc' dir='ltr'>μετὰ</span> 
     </span>
     <span class='ocr_line' id='line_1_36' title="bbox 146 4025 1326 4094; baseline 0.003 -17"><span class='ocrx_word' id='word_1_290' title='bbox 146 4027 197 4077; x_wconf 84' lang='grc' dir='ltr'>τὸν</span> <span class='ocrx_word' id='word_1_291' title='bbox 217 4025 346 4078; x_wconf 80' lang='grc' dir='ltr'>Φωκικὸν</span> <span class='ocrx_word' id='word_1_292' title='bbox 370 4027 493 4089; x_wconf 86' lang='grc' dir='ltr'>πόλεμον</span> <span class='ocrx_word' id='word_1_293' title='bbox 517 4027 678 4079; x_wconf 78' lang='grc' dir='ltr'>ἐπαύσαντο</span> <span class='ocrx_word' id='word_1_294' title='bbox 702 4030 753 4090; x_wconf 83' lang='grc' dir='ltr'>τῆς</span> <span class='ocrx_word' id='word_1_295' title='bbox 772 4025 904 4090; x_wconf 86' lang='grc' dir='ltr'>τοιαύτης</span> <span class='ocrx_word' id='word_1_296' title='bbox 924 4025 1029 4091; x_wconf 78' lang='grc' dir='ltr'>θυσίας,</span> <span class='ocrx_word' id='word_1_297' title='bbox 1059 4028 1098 4089; x_wconf 82' lang='grc' dir='ltr'>ὥς</span> <span class='ocrx_word' id='word_1_298' title='bbox 1117 4041 1187 4094; x_wconf 86' lang='grc' dir='ltr'>φησι</span> <span class='ocrx_word' id='word_1_299' title='bbox 1207 4025 1326 4094; x_wconf 79' lang='grc' dir='ltr'>Τίμαιος</span> 
     </span>
     <span class='ocr_line' id='line_1_37' title="bbox 147 4114 1325 4184; baseline 0.004 -18"><span class='ocrx_word' id='word_1_300' title='bbox 147 4115 299 4176; x_wconf 72' lang='grc' dir='ltr'>ὁίικελὸς.</span> <span class='ocrx_word' id='word_1_301' title='bbox 337 4114 468 4169; x_wconf 87' lang='lat' dir='ltr'>Tzetzae</span> <span class='ocrx_word' id='word_1_302' title='bbox 491 4116 580 4170; x_wconf 86' lang='lat' dir='ltr'>iidem</span> <span class='ocrx_word' id='word_1_303' title='bbox 605 4115 735 4183; x_wconf 82' lang='lat' dir='ltr'>abrogat</span> <span class='ocrx_word' id='word_1_304' title='bbox 758 4114 906 4168; x_wconf 82' lang='lat' dir='ltr'>Get&#39;ichen</span> <span class='ocrx_word' id='word_1_305' title='bbox 931 4115 1084 4182; x_wconf 84' lang='lat' dir='ltr'>(Timaeus</span> <span class='ocrx_word' id='word_1_306' title='bbox 1099 4133 1125 4184; x_wconf 90' lang='lat' dir='ltr'>p.</span> <span class='ocrx_word' id='word_1_307' title='bbox 1149 4116 1189 4180; x_wconf 90' lang='grc'>13,</span> <span class='ocrx_word' id='word_1_308' title='bbox 1202 4116 1238 4183; x_wconf 90' lang='grc'>4),</span> <span class='ocrx_word' id='word_1_309' title='bbox 1268 4119 1325 4171; x_wconf 87' lang='lat' dir='ltr'>sed</span> 
     </span>
     <span class='ocr_line' id='line_1_38' title="bbox 148 4203 1326 4273; baseline 0.008 -18"><span class='ocrx_word' id='word_1_310' title='bbox 148 4205 199 4256; x_wconf 90' lang='lat' dir='ltr'>cfr.</span> <span class='ocrx_word' id='word_1_311' title='bbox 224 4203 389 4272; x_wconf 78' lang='lat' dir='ltr'>Holzinger</span> <span class='ocrx_word' id='word_1_312' title='bbox 418 4205 456 4257; x_wconf 89' lang='lat' dir='ltr'>ad</span> <span class='ocrx_word' id='word_1_313' title='bbox 480 4204 629 4273; x_wconf 87' lang='lat' dir='ltr'>Lycophr.</span> <span class='ocrx_word' id='word_1_314' title='bbox 652 4204 728 4257; x_wconf 80' lang='lat'>1153.</span> <span class='ocrx_word' id='word_1_315' title='bbox 784 4203 907 4257; x_wconf 86' lang='lat' dir='ltr'>Timaeo</span> <span class='ocrx_word' id='word_1_316' title='bbox 936 4219 969 4257; x_wconf 91' lang='grc'>16</span> <span class='ocrx_word' id='word_1_317' title='bbox 999 4221 1073 4258; x_wconf 89' lang='lat' dir='ltr'>vera</span> <span class='ocrx_word' id='word_1_318' title='bbox 1102 4206 1140 4257; x_wconf 90' lang='lat' dir='ltr'>ab</span> <span class='ocrx_word' id='word_1_319' title='bbox 1162 4207 1326 4264; x_wconf 83' lang='lat' dir='ltr'>eversione</span> 
     </span>
     <span class='ocr_line' id='line_1_39' title="bbox 148 4292 1326 4361; baseline 0.006 -16"><span class='ocrx_word' id='word_1_320' title='bbox 148 4293 265 4361; x_wconf 86' lang='lat' dir='ltr'>Troiae,</span> <span class='ocrx_word' id='word_1_321' title='bbox 296 4308 386 4360; x_wconf 89' lang='lat' dir='ltr'>quam</span> <span class='ocrx_word' id='word_1_322' title='bbox 412 4310 491 4347; x_wconf 89' lang='lat' dir='ltr'>anno</span> <span class='ocrx_word' id='word_1_323' title='bbox 513 4293 582 4346; x_wconf 87' lang='grc'><strong>1334</strong></span> <span class='ocrx_word' id='word_1_324' title='bbox 606 4292 807 4357; x_wconf 83' lang='lat' dir='ltr'>adscribebat,</span> <span class='ocrx_word' id='word_1_325' title='bbox 837 4293 876 4346; x_wconf 87' lang='lat' dir='ltr'>ad</span> <span class='ocrx_word' id='word_1_326' title='bbox 899 4295 1022 4347; x_wconf 91' lang='lat' dir='ltr'>Phocici</span> <span class='ocrx_word' id='word_1_327' title='bbox 1046 4294 1114 4348; x_wconf 87' lang='lat' dir='ltr'>beili</span> <span class='ocrx_word' id='word_1_328' title='bbox 1137 4295 1233 4347; x_wconf 88' lang='lat' dir='ltr'>finem</span> <span class='ocrx_word' id='word_1_329' title='bbox 1256 4296 1326 4352; x_wconf 81' lang='lat' dir='ltr'>fers</span> 
     </span>
     <span class='ocr_line' id='line_1_40' title="bbox 147 4382 718 4436; baseline -0.002 -2"><span class='ocrx_word' id='word_1_330' title='bbox 147 4383 226 4436; x_wconf 90' lang='lat' dir='ltr'>mille</span> <span class='ocrx_word' id='word_1_331' title='bbox 247 4384 318 4434; x_wconf 89' lang='lat' dir='ltr'>anni</span> <span class='ocrx_word' id='word_1_332' title='bbox 340 4382 517 4436; x_wconf 84' lang='lat' dir='ltr'>numerandi</span> <span class='ocrx_word' id='word_1_333' title='bbox 540 4389 632 4435; x_wconf 81' lang='lat' dir='ltr'>orant.</span> <span class='ocrx_word' id='word_1_334' title='bbox 714 4408 718 4417; x_wconf 90' lang='lat'>.</span> 
     </span>
    </p>
   </div>
   <div class='ocr_carea' id='block_1_7' title="bbox 0 0 1466 4958">
    <p class='ocr_par' dir='ltr' id='par_1_7' title="bbox 0 0 1466 4958">
     <span class='ocr_line' id='line_1_41' title="bbox 0 0 1466 4958; baseline 0 0"><span class='ocrx_word' id='word_1_335' title='bbox 0 0 1466 4958; x_wconf 95' lang='lat' dir='ltr'> </span> 
     </span>
    </p>
   </div>
  </div>
 </body>
</html>
