2902 4958
513 217 729 298 -y-ei-

161 394 283 450 Achillis
298 397 416 466 isagog.
432 386 576 465 excerpta
591 395 626 448 22
639 412 668 464 p.
679 395 722 461 51,
733 396 817 465 disq.
831 396 930 450 Maass
949 397 1059 463 λέγεται
1072 397 1101 449 δὲ
1118 394 1228 462 ὁρίζων,

50 486 122 538 διότι
144 486 229 552 ὁρίζει
247 488 281 539 τό
301 487 355 539 ύπδ
375 489 429 552 γῆν
449 488 494 538 καί
515 487 585 552 ὑπὲρ
603 489 658 551 γῆν
678 485 874 553 ημισφαίριοψ
895 488 958 552 περί
970 487 1023 552 γὰρ
1037 486 1091 550 τὴν
1104 490 1228 554 σφαῖραν

53 577 159 630 ἔξωθεν
179 578 220 628 ὢν
240 577 317 629 τάξιν
330 575 423 641 ἐπέχει
435 579 487 628 τού
502 575 656 642 ’(ιλκεανού,
677 576 708 638 ὃς
728 577 830 630 ἔξωθεν
850 577 1005 642 περικλύζει
1024 575 1077 647 τὴν
1095 579 1158 641 γῆν,
1178 565 1228 641 ἀφ’

52 665 268 743 ούύνατέλλειν
288 667 333 718 καί
353 665 391 728 εἰς
410 665 444 717 ὃν
463 666 557 719 δύνειν
585 667 660 719 δοκεῖ
689 666 723 718 τὰ
749 666 848 732 ἄστρα·
877 665 943 718 όθεν
969 667 1014 717 καί
1035 664 1229 729 Νεοπτόλεμος

51 755 67 805 δ
87 753 231 820 Παριανὸς
251 755 281 807 ἐν
307 759 343 821 τῇ
363 753 513 823 Τριχθονίᾳ
536 754 624 821 φησίν
647 755 697 822 ’τῷ
722 759 798 808 πᾶσα
819 783 849 792 -—
871 753 965 820 χθόν’.
989 753 1165 808 *Ἑτοίμου
1189 753 1228 806 ud

50 843 142 912 Verg.
156 842 191 898 G.
205 843 286 897 1244
304 860 332 913 p.
346 844 399 898 364
418 843 528 912 Hagen
548 841 662 909 oceani,
682 859 770 914 qoem
794 846 871 898 recle
890 847 1023 911 ζωστῆρα
1049 848 1101 896 τού
1120 844 1227 907 κόσμου

50 931 205 994 discerent,
226 935 254 987 et
268 932 409 1003 Ομνὶίίιιυ,
431 949 499 987 cam
512 933 556 988 ait
573 934 740 1001 “’ωκεανός,
755 935 777 1002 ᾧ
793 963 825 972 -
839 934 933 999 χθόν’.
949 960 980 972 -—
995 933 1090 988 Schol.
1104 931 1131 986 Α
1142 932 1227 987 Hom.
1266 972 1268 977 -

53 1023 72 1075 Ε
91 1022 145 1077 490
164 1023 208 1077 διὰ
227 1023 311 1078 ποίαν
332 1023 423 1077 αἰτίαν
443 1024 528 1088 μόνος
547 1026 563 1077 ό
582 1023 725 1087 ’ωκεανὸς
743 1024 868 1088 ποταμός
888 1025 921 1077 ού
941 1023 1059 1090 πάρεστι
1077 1028 1113 1092 τῇ
1133 1024 1228 1088 ἐκκλη-

55 1112 101 1181 σίᾳ
120 1116 179 1165 τῶν
197 1116 283 1182 θειῖιν;
304 1113 406 1179 ῥητέον
426 1112 464 1180 δέ,
485 1111 529 1166 ὅτι
549 1115 608 1168 ὲπεί
628 1115 792 1167 συνεκτικὸν
812 1115 866 1179 ἔχει
885 1119 937 1166 τού
957 1115 1064 1179 κόσμου
1077 1114 1110 1166 τό
1124 1097 1227 1178 ῥεῦμα·

50 1203 193 1271 φησῖνγόρ
214 1202 572 1272 ”ωκεανός,ῷ-χθιόν’.
601 1203 784 1273 Ευμλιοτῖουῖ
804 1219 925 1258 versum
945 1201 1228 1257 abiudicantHiller
1310 1234 1314 1240 ·

47 1291 261 1346 ¹Eratosthenis
287 1307 378 1346 carm.
407 1292 458 1346 rel.
488 1309 516 1362 p.
530 1293 565 1346 78
595 1298 624 1346 et
647 1290 747 1346 Maesa
766 1292 903 1347 Arateor.
923 1309 950 1362 p.
964 1292 1024 1347 205.
1062 1291 1120 1346 Pro
1140 1293 1227 1359 Εὐφο-

52 1380 122 1448 ρίων
142 1383 222 1435 enim
242 1383 396 1437 coniciunt
415 1383 589 1449 όΠαριανός
608 1382 803 1460 scribentium
823 1398 898 1449 esse,
919 1383 1001 1450 quod
1019 1381 1117 1436 Maass
1137 1383 1226 1436 etiam

52 1486 108 1539 pro
129 1469 249 1539 Cyrillo,
270 1476 361 1541 poeta
380 1474 496 1541 ignoto,
522 1472 687 1527 substituit.
726 1456 819 1535 ¹Quasi
839 1473 997 1541 probabile
1016 1473 1055 1525 sit
1077 1472 1227 1525 hominem

54 1559 153 1614 obiter
171 1566 276 1629 notum
295 1561 469 1631 simpliciter
488 1562 540 1614 τὸν
557 1547 702 1627 Παριανόν
723 1559 790 1614 dici.
829 1561 1015 1630 Euphorioni
1035 1563 1119 1614 lavet
1137 1560 1227 1614 etiam

51 1650 181 1703 imitatio
206 1649 377 1706 Catulliana
397 1649 439 1717 64,
451 1648 486 1703 30
508 1650 709 1720 Oceanusque,
729 1648 812 1704 mari
833 1652 929 1704 totam
954 1647 1009 1720 qui
1033 1647 1228 1719 amplectitur

49 1738 152 1812 orbem
172 1744 295 1808 propter
319 1755 411 1812 quem
429 1738 532 1808 Bergk
554 1741 612 1809 (op.
626 1738 655 1792 Il
669 1755 697 1808 p.
713 1739 773 1806 683,
793 1755 821 1791 n.
835 1738 880 1801 84)
899 1740 1043 1803 ’ωιτεανός
1060 1739 1085 1792 θ’
1107 1739 1130 1806 ᾧ
1159 1739 1227 1791 scri·

49 1827 186 1883 bendum
215 1828 367 1898 proponit.
404 1818 552 1898 Equidem
579 1828 704 1899 Bergkii
733 1830 911 1882 sententiam
940 1829 1107 1899 amplector
1135 1843 1227 1882 versu

53 1916 163 1971 eodem
192 1923 222 1972 et
244 1917 469 1988 Euphorionem
498 1924 528 1973 et
551 1917 780 1989 Neoptolemum
810 1933 882 1972 usos
911 1933 986 1984 esse,
1013 1917 1095 1971 illum
1125 1921 1226 1971 tamen

49 2005 201 2062 ’ωκεανόν
215 2008 337 2077 proprio
349 2007 515 2077 usurpasse
525 2022 623 2062 sensu.
634 2037 667 2045 —
677 2004 725 2060 Ad
739 2007 819 2061 hunc
833 2022 955 2062 versum
968 2006 1067 2061 Maass
1079 2005 1226 2075 (Arateor.

48 2111 80 2166 p.
95 2095 161 2163 206)
179 2097 330 2166 respicere
351 2097 417 2151 vult
435 2095 575 2166 Dionysii
594 2097 712 2168 Perieg.
724 2112 761 2151 ν.
775 2096 821 2165 314
836 2096 990 2153 ’ωκεανοῖο
1006 2098 1175 2163 βαθυρρόου·
1196 2096 1227 2150 ἐν

49 2186 108 2252 γὰρ
130 2184 229 2256 ἐκείνῳ
251 2189 325 2258 πᾶσα
345 2187 422 2251 χθὼν
438 2187 492 2265 ’ἅτε
511 2190 597 2260 νῆσος
617 2185 759 2253 ἀπείριτος
778 2187 982 2254 ἐστεφάνωται.

556 2368 619 2433 148
644 2369 725 2449 (45).

164 2512 354 2604 Tertulliau.
372 2511 412 2577 de
435 2513 543 2577 anima
558 2512 602 2577 46
618 2533 650 2597 p.
668 2512 744 2594 376,
763 2516 839 2594 leq.
856 2511 1050 2578 Reiffersch.
1068 2513 1225 2594 Wissow„

47 2620 107 2703 qui
122 2616 331 2704 Hermippum
347 2619 490 2702 sequitur
504 2619 668 2705 Berytium
687 2619 757 2701 (cfr.
775 2641 806 2704 p.
824 2620 900 2701 377,
921 2621 1040 2701 l3eq.).
1076 2618 1226 2685 Aleman-

45 2728 155 2793 dram
169 2727 226 2810 qai
242 2728 362 2808 sciscat,
388 2727 515 2792 leonem
532 2727 628 2792 adali
645 2735 900 2810 recopaoocccat;
921 2727 1081 2812 Ephorus
1100 2729 1225 2792 scribit.

44 2835 111 2900 sed
145 2841 176 2898 cl
209 2833 369 2919 Dionysii
402 2834 540 2899 Siciliae
564 2833 796 2925 ‘tyrannidem
837 2836 1021 2900 Himeraea
1059 2837 1226 2920 quaedam

45 2940 249 3022 somniante
284 2941 485 3006 Heraclides
516 2942 680 3025 prodidit.
729 2949 759 3006 et
784 2942 922 3006 Seleuco
954 2963 1095 3028 requam
1123 2941 1225 3006 Asiae

46 3047 197 3114 Laodice
221 3055 330 3114 νηοῖσι
353 3049 503 3116 academ
520 3069 594 3114 eam
617 3049 719 3116 coiaco
738 3046 912 3132 procidit}
936 3050 1134 3134 Eapllorioa
1144 3070 1226 3134 pro·

46 3154 210 3242 culpavit.
666 3147 668 3150 ’
1049 3175 1051 3178 ’

163 3279 221 3336 Cir.
241 3278 371 3350 Appien.
391 3278 456 3350 Syr.
476 3280 520 3345 όό,
539 3280 644 3335 lustin.
664 3280 730 3334 bist.
750 3280 812 3348 XV,
826 3280 851 3335 4.

393 3444 456 3508 ιω
481 3444 568 3525 (121,
593 3443 682 3511 oue
700 3442 821 3525 inte,-
837 3444 882 3524 τ).
943 3439 946 3442 ’

159 3586 276 3660 Athen.
294 3587 325 3651 II
350 3587 381 3671 p.
398 3587 442 3653 44
454 3587 481 3650 i*
506 3586 678 3666 Εὐφορίων
707 3588 741 3651 δὲ
775 3586 835 3670 <ό>
855 3586 1029 3664 Χαλκιδεύς
1051 3585 1136 3651 οὕτω
1161 3608 1223 3651 που

48 3698 182 3778 γράφει·
196 3693 379 3774 ’Λασύρτας
401 3693 419 3758 ὁ
438 3693 619 3772 Λασιώνιος
644 3693 740 3758 οὐδὲν
756 3698 947 3772 προσεδεῖτο
963 3697 1065 3758 ποτοῦ
1082 3694 1224 3774 καθάπερ

49 3805 79 3869 οἱ
96 3803 200 3886 ἄλλοι,
225 3801 325 3881 οὖρον
341 3802 377 3868 δὲ
394 3803 528 3880 προίετο
545 3799 687 3880 καθάπερ
704 3801 823 3879 πάντες
840 3786 1018 3880 ἄνθρωποιζ
1040 3803 1091 3865 καὶ
1108 3788 1224 3867 πολλοὶ

49 3912 102 3977 διὰ
127 3911 310 3997 φιλοτιμίαν
340 3909 552 3988 ἐπεχείρησαν
582 3912 821 3988 παρατηρῆσαι·
857 3911 913 3999 καὶ,
937 3908 1127 4001 ἀπέστησαν
1160 3911 1223 3989 πρὸ

48 4022 107 4084 τοῦ
132 4017 239 4097 εὑρεῖν
262 4018 299 4081 τό
323 4016 555 4096 πραττόμενον.
581 4017 697 4096 θέρους
721 4017 782 4094 γὰρ
802 4015 870 4099 ὥρᾳ
887 4019 937 4080 καὶ
953 4017 1223 4095 τριακονθήμερον
1248 4037 1262 4079 ι

49 4124 327 4206 προσεδρεύοντες
351 4127 402 4188 καὶ
427 4125 563 4204 οὐδενός
588 4126 645 4204 μὲν
669 4123 812 4203 δρῶντες
836 4123 1038 4202 ἀπεχόμενον
1067 4123 1222 4215 ἁλμυροῦ,
1287 4111 1292 4122 ’

48 4231 109 4313 τὴν
137 4232 248 4298 κύστιν
271 4229 299 4297 δ’
325 4233 423 4297 αὐτοῦ
454 4232 581 4312 ἔχοντα,
611 4233 872 4309 συνεπείσθησαν
901 4230 1078 4309 ἀληθεύειν.
1108 4233 1223 4311 ἐχρῆτο

49 4343 85 4405 δὲ
109 4341 228 4425 καὶτῷ
253 4345 352 4424 ποτῷ,
377 4337 448 4404 ἀλλ’
474 4340 570 4404 οὐδὲν
596 4339 692 4418 ἧττον
716 4338 754 4402 ού
779 4343 970 4419 προσεδεῖτο
994 4338 1122 4403 τούτου.

1046 4464 1063 4515 6
