2902 4958
636 195 809 249 ..73-

243 375 267 427 2.
289 377 370 440 δῆριν
389 375 485 437 θέντες
505 370 558 427 ss³
572 372 605 436 τί,
625 376 649 427 δ.
663 374 823 440 περθέντες
836 388 862 441 a,
885 375 908 426 δ.
924 375 1022 427 ἔθεντο
1041 372 1129 429 Mein.
1149 375 1214 441 (cfr.
1227 375 1245 427 Ρ
1256 375 1308 428 158

133 465 218 531 δῆριν
238 464 355 531 ἔθεντο).
369 492 401 502 -·
413 463 647 530 κακοφράγμονες
659 478 686 516 a.
706 492 739 501 —
758 463 903 530 κακοφράς
922 462 961 516 ad
980 462 1205 517 similitudinem
1225 464 1308 517 vocis

133 553 270 622 ἀποφράς
283 555 455 620 formatum,
476 553 534 606 nisi
553 552 730 619 κακοφραδές
749 552 1020 622 οοτὶροίύακθιαρίο
1034 551 1147 607 Gallim.
1161 554 1308 617 βιοπλανές

136 645 184 711 (fr.
199 642 273 711 497),
294 644 346 696 cfr.
360 640 585 697 Kiihner·Blass
605 639 656 697 Gr.
670 639 720 695 Gr.
735 641 749 694 Ι
763 644 777 695 1
799 658 826 711 p.
839 641 900 695 205.
920 670 952 680 ·-
973 641 999 695 3.
1018 641 1043 695 τ’
1063 641 1132 712 οὐκί.
1147 640 1258 711 Spohn.
1274 672 1305 680 -

134 735 216 799 δῆριν
225 733 321 796 θέντες
334 747 347 785 s
361 729 387 786 οὐ
400 729 1105 800 είδηριθέντεςγ1,δηρινθέντες8ρούυ.-άρκια
1119 730 1196 798 odd„
1209 723 1307 798 ἄκριτα

134 822 224 876 Mein.
246 849 276 859 -
300 821 326 874 4.
341 818 443 887 μεταξὺ
456 836 483 874 a.
496 850 526 859 -
539 821 678 888 όιδωνῆος
691 836 705 874 s
718 818 746 874 οί
758 817 796 874 s⁴.'
807 849 837 860 -
854 820 949 887 Ἀίδην
962 822 1092 875 άλλιστον
1105 827 1196 886 vocat
1207 819 1307 876 Crina-

135 926 230 979 goras
250 909 285 965 Α.
304 910 487 976 P.V11643‚
516 910 714 974 ὰλλιτάνευτος
738 911 824 986 audit
842 908 877 964 A.
897 910 930 964 Ρ.
950 909 1084 964 VJ1483.
1104 940 1135 950 -
1157 909 1231 965 Cum
1250 910 1307 965 Eu·

136 1002 288 1071 phorione
312 1002 462 1056 consentit
484 1000 646 1070 Lycophro
664 986 801 1070 439sqqss,
826 1002 878 1055 cfr.
899 1001 987 1054 etiam
1013 998 1111 1055 Strab.
1132 999 1200 1054 XIV
1220 1000 1306 1069 5716.

629 1181 819 1290 nemo).

244 1325 352 1392 ὃυύοὐ.
369 1325 433 1390 Al)
449 1326 542 1390 Hom.
561 1327 584 1388 Β
603 1325 664 1390 157
690 1324 773 1403 Ζεὺς
794 1325 922 1404 Κρόνου
946 1327 997 1389 καὶ
1020 1323 1110 1403 Ῥέας
1134 1327 1307 1411 γενόμενος
1360 1309 1362 1314 “
1390 1377 1392 1380 ,

138 1435 173 1499 ἐν
192 1433 295 1516 Κρήτῃ
313 1432 476 1511 ἐπεκλήθη
501 1421 645 1512 αἰγίοχος
670 1433 722 1497 διὰ
745 1433 782 1497 τὸ
798 1430 910 1496 αὐτόθι
934 1431 998 1496 ὐπὸ
1022 1432 1112 1511 αἰγὸς
1135 1436 1308 1516 τραφῆναι,

136 1543 165 1620 ή,
189 1540 235 1619 ὥς
259 1542 344 1619 τινές
368 1556 460 1623 φασι,
486 1541 538 1605 διὰ
561 1540 599 1605 τὸ
622 1538 698 1617 αἶγα
721 1526 880 1606 ἀνελόντα
902 1541 961 1619 τὴν
985 1542 1042 1618 μέν
1066 1542 1167 1620 δορὰν
1196 1541 1308 1621 ἀμφιέ-

136 1655 269 1730 σασθαι,
292 1647 361 1727 τοῖς
383 1650 421 1713 δὲ
444 1649 576 1727 κέρασιν
600 1647 645 1727 είς
673 1648 767 1714 τόξον
791 1648 986 1736 χρήσασθαι·
1018 1648 1095 1712 ὅθεν
1118 1651 1169 1713 καὶ
1193 1649 1309 1726 αἰγιδό-

138 1777 195 1821 κον
219 1757 323 1824 τόπον
346 1755 416 1820 τινὰ
440 1757 475 1820 ἐν
500 1749 602 1841 Κρήτη
626 1759 802 1823 καλεῖσθαι.
826 1755 950 1834 ἱστορεῖ
974 1755 1156 1835 Εὐφορίων.

572 1929 577 1934 ’
629 1955 690 2020 ιιτ
715 1954 817 2037 (134).

245 2097 353 2164 Schol.
380 2098 466 2163 ΑΒΙ)
492 2099 585 2164 Hom.
612 2097 721 2164 3295
754 2097 856 2196 Ἥραν
888 2099 1090 2178 τρεφομένην
1123 2100 1210 2180 παρὰ
1239 2104 1308 2178 τοῖς

136 2210 291 2284 γονεῦσιν
315 2205 361 2284 είς
386 2211 451 2270 τῶν
475 2205 636 2285 γιγάντων
657 2205 851 2286 βιασόμενος
869 2207 1062 2288 Εὐρυμέδων
1085 2205 1201 2284 ἔγκυον
1224 2206 1308 2271 ἐποί·

137 2328 233 2393 ησεν·
258 2313 277 2392 ἡ
303 2315 338 2378 δέ
361 2313 539 2393 Προμηθέα
563 2313 748 2392 ἐγέννησεν.
795 2315 879 2394 Ζεὺς
904 2317 939 2380 δέ
963 2313 1101 2395 ὕστερον
1125 2314 1235 2400 γήμας.
1252 2315 1310 2392 τήν

138 2420 287 2501 ἀδελφὴν
309 2421 360 2486 καὶ
384 2422 483 2501 γνοὺς
508 2421 547 2486 τὰ
571 2421 728 2501 γενόμενα
751 2422 809 2487 τὸν
832 2424 890 2503 μέν
914 2423 1140 2502 Εὐρυμέδοντα
1163 2423 1310 2509 κατεταρ-
1411 2483 1413 2485 ,

138 2529 283 2611 τάρωσε,
302 2529 361 2594 τὸν
384 2531 420 2593 δέ
443 2530 618 2608 Προμηθέα
642 2529 807 2609 προφάσει
831 2533 889 2594 τοῦ
906 2531 1158 2622 πυρδςέδεσμοίς
1175 2528 1310 2608 ἀνήρτη-4

137 2653 206 2702 σεν.
231 2637 251 2715 ή
274 2636 401 2716 ἱστορία
424 2637 512 2716 παρὰ
536 2635 731 2716 Εὐφορίωνι.
779 2637 844 2703 Ofr.
863 2637 963 2704 schol.
980 2638 1009 2702 Τ
1025 2636 1068 2702 ad
1085 2637 1145 2702 ίοα.
1171 2636 1251 2702 ένιοι
1275 2638 1310 2701 δέ

136 2760 226 2824 φασιἸ
244 2745 407 2823 παρθένον
431 2742 536 2809 οὖσαν
557 2743 661 2823 Ἥραν
684 2745 859 2825 ἐρασθῆναι
877 2745 1129 2825 Εὐρυμέδοντος,
1154 2745 1228 2822 ἑνὸς
1245 2749 1311 2808 τῶν

137 2852 310 2934 γιγάντων,
337 2853 387 2916 καὶ
410 2852 442 2918 ἐξ
466 2851 566 2916 αὐτοῦ
590 2856 694 2917 τεκεῖν
717 2852 775 2917 τὸν
790 2852 974 2934 Προμηθέα,
999 2852 1065 2916 Δία
1088 2853 1124 2916 δέ
1147 2851 1311 2928 ἐγνωκότα

135 2960 194 3025 τόν
217 2960 277 3037 μέν
305 2965 519 3041 ταρταρώσαι,
555 2959 612 3024 τόν
646 2961 682 3024 δέ
709 2959 886 3039 Προμηθέα
913 2958 1083 3038 προφάσει
1114 2962 1173 3022 τοῦ
1206 2960 1309 3037 πυρὸς
1422 2972 1424 2975 ’

136 3072 337 3145 σταυρῶσαι.

246 3188 292 3243 De
311 3189 539 3260 Eurymedonte
559 3191 611 3245 cfr.
631 3191 718 3247 Hom.
739 3208 755 3257 η
775 3183 817 3246 58.

524 3428 526 3431 ,
631 3373 692 3438 118
719 3373 817 3457 μιν).

245 3514 352 3581 Schol.
370 3514 457 3580 ΑΒΙ)
475 3515 568 3579 Hom.
588 3516 612 3580 Ν
629 3515 670 3580 21
696 3515 805 3603 Αἰγάς]
830 3518 924 3594 πόλις
948 3515 1076 3596 Ἀχαίας
1094 3516 1310 3581 ένΠελοπον-

135 3627 240 3708 νήσῳ,
266 3622 342 3703 ἔνθα
365 3625 490 3703 τιμᾶται
515 3623 533 3686 ό
557 3624 741 3706 Ποσειδῶν,
767 3622 875 3714 ἄγεται
899 3626 934 3689 δέ
958 3625 1009 3688 καὶ
1026 3624 1180 3708 Διονύσῳ
1205 3623 1310 3705 ἑορτή,

135 3734 171 3797 ἐν
187 3733 207 3816 ᾗ
225 3730 406 3810 θαυμάσιον
422 3731 636 3807 έπιτελεῖσθαί
652 3746 754 3811 φασιν
771 3730 877 3815 έργον,
895 3732 1026 3796 ἐπειδὰν
1043 3732 1172 3812 ὀχυρὸς
1186 3722 1310 3810 συστὰς

135 3839 194 3918 τὰς
218 3841 276 3902 τοῦ
302 3838 456 3917 δαίμονος
480 3839 611 3917 τελετὰς
641 3837 787 3924 ὀργιάζη·
822 3839 957 3917 ἄμπελοι
987 3838 1058 3923 γάρ,
1092 3840 1131 3918 ἃς
1155 3843 1310 3905 καλοῦσιν

137 3946 333 4027 ἐφημέρους,
358 3945 560 4026 ἀνισχούσης
585 3948 642 4025 μέν
665 3947 785 4026 ἡμέρας
811 3947 1030 4027 βλαστάνουσι
1057 3947 1192 4029 καρπόν,
1226 3946 1311 4012 ὥστε

136 4054 318 4131 δρέποντας
343 4052 461 4131 αὐτοὺς
485 4053 626 4134 ἑσπέρας
643 4051 734 4120 οίνον
751 4052 900 4134 ἄφθονον
917 4054 1011 4134 ἔχειν.
1045 4055 1064 4132 ή
1080 4054 1207 4133 ἱστορία
1223 4055 1311 4134 παρὰ

136 4159 331 4261 Εὐφορίωνι.
877 4164 881 4169 ’

245 4283 344 4338 Vitem
368 4285 447 4338 hanc
470 4284 637 4339 mirabilem
657 4287 688 4339 in
706 4286 857 4342 Parnasso
882 4287 967 4341 nasei
991 4286 1084 4341 tradit
1108 4287 1178 4341 Eur.
1197 4284 1310 4342 Ph'oen.

135 4373 197 4444 229,
226 4376 257 4429 in
281 4374 408 4431 Euboea
428 4373 517 4444 Soph.
542 4377 577 4428 fr.
597 4375 650 4429 234
669 4375 703 4430 N.
750 4376 808 4431 Cfr,
828 4376 945 4432 Usener
965 4377 1000 4431 D.
1021 4376 1058 4431 hl.
1080 4375 1204 4446 Tyehon
1225 4394 1252 4447 p.
1266 4377 1310 4431 32.
