2902 4958
144 1107 202 1173 De
226 1106 488 1191 Euphorionis
512 1106 598 1172 vite,
622 1105 745 1188 atque
769 1104 882 1195 poesi
907 1104 1170 1173 testimonie·

168 1247 286 1314 Suidas
322 1248 493 1327 Εὐφορίων
524 1248 762 1326 Πολυμνήστου
794 1248 969 1325 Χαλκιδεὺς
997 1245 1052 1311 ἀπ’
1082 1247 1230 1330 Εὐβοίας,

10 1376 12 1380 ’
58 1357 202 1436 μαθητὴς
234 1355 268 1419 ἐν
297 1359 366 1433 τοῖς
395 1355 594 1434 φιλοσόφοις
627 1354 773 1418 Λακύδου
804 1356 855 1418 καὶ
882 1354 1087 1435 Πρυτάνιδος
1116 1356 1167 1432 καὶ
1196 1355 1231 1418 ἐν

58 1467 128 1540 τοῖς
153 1466 331 1540 ποιητικοῖς
355 1462 569 1540 Ἀρχεβούλου
594 1465 651 1525 τοῦ
677 1462 820 1539 θηραίου
838 1465 984 1542 ποιητοῦ,
1015 1460 1054 1525 οὐ
1082 1462 1133 1526 καὶ
1156 1462 1231 1540 ἐμίν

61 1591 159 1648 μενος
184 1570 308 1645 λέγεται
331 1569 489 1645 γενέσθαι.
537 1569 691 1646 ἐγεννήθη
717 1566 745 1631 δ’
771 1569 806 1632 ἐν
829 1574 866 1652 τῇ
884 1564 949 1646 ῥκς’
971 1568 1152 1645 ὀλυμπιάδι,
1178 1567 1232 1632 ὅτε

61 1679 112 1741 καὶ
136 1676 268 1754 Πύρρος
292 1676 411 1754 ἡττήθη
436 1675 499 1738 ὐπὸ
516 1674 703 1752 Ῥωμαίων.
729 1677 779 1738 καὶ
803 1674 932 1751 ἐγένετο
955 1676 1014 1752 τὴν
1037 1675 1126 1739 ἰδέαν
1150 1676 1232 1753 μελί-
1256 1708 1269 1748 ⁶

59 1804 170 1863 χρους,
195 1782 413 1864 πολύσαρκος,
437 1783 644 1860 κακοσκελής.
691 1786 748 1860 τῆς
773 1779 801 1846 δ’
819 1781 1039 1864 Ἀλεξάνδρου,
1063 1786 1120 1846 τοῦ
1145 1787 1231 1861 βασι-

59 1890 238 1968 λεύσαντος
264 1889 413 1968 Εὐβοίας,
445 1889 516 1952 υἱοῦ
546 1891 581 1952 δέ
606 1890 776 1970 Κρατεροῦ,
805 1891 956 1967 γυναικὸς
983 1889 1112 1967 Νικαίας
1141 1904 1231 1968 στερ-

59 1998 161 2075 ξάσης
196 1997 306 2080 αὐτόν,
341 1995 480 2074 εὔπορος
510 1998 640 2076 σφόδρα
670 1998 812 2074 γεγονὼς
842 1995 919 2074 ήλθε
951 1997 1034 2074 πρὸς
1067 1995 1231 2074 Ἀντίοχον

59 2106 118 2169 τὸν
152 2104 251 2183 μέγαν
284 2104 319 2167 ἐν
343 2103 439 2186 (υρίᾳ
473 2103 686 2182 βασιλεύοντα
719 2105 770 2167 καὶ
799 2104 942 2182 προέστη
968 2103 1025 2166 ’ὐπ’
1050 2103 1149 2167 αὐτοῦ
1173 2092 1249 2182 τής’

61 2212 167 2276 ἐκεῖσε
196 2210 353 2289 δημοσίας
387 2211 604 2288 βιβλιοθήκης.
630 2211 680 2273 καὶ
711 2210 907 2288 τελευτήσας
931 2209 994 2274 ἐκεῖ
1020 2210 1172 2274 τέθαπται
1196 2210 1231 2274 ἐν
1250 2244 1276 2281 10

59 2316 225 2400 Ἀπαμείᾳ,
251 2317 295 2395 ύις
320 2319 356 2380 δέ
380 2337 464 2394 τινες
482 2317 518 2380 ἐν
535 2315 710 2399 Ἀντιοχίᾳ.
737 2318 841 2396 βιβλία
861 2314 991 2381 δἀὐτοῦ
1008 2317 1100 2380 ἐπικὰ
1115 2321 1229 2381 ταῦτα·

58 2424 227 2503 Ἡσίοδος·
255 2424 414 2502 Μοψοπία
444 2425 463 2502 ἢ
494 2423 647 2487 Ἄτακτα·
682 2423 747 2502 ἔχει
779 2425 839 2502 γὰρ
875 2429 1043 2504 συμμιγεῖς
1074 2425 1230 2509 ἱστορίας,

59 2532 220 2611 Μοψοπία
244 2528 283 2615 δ’,
308 2531 358 2595 ὅτι
381 2530 538 2610 ήἈττικὴ
562 2532 600 2595 τὸ
624 2533 699 2609 πρὶν
724 2532 883 2609 Μοψοπία
910 2533 1054 2596 ἐκαλεῖτο
1084 2531 1149 2596 ἀπὸ
1173 2537 1230 2612 τῆς

58 2638 229 2708 ’ωκεανοῦ
254 2640 413 2716 θυγατρὸς
438 2639 627 2721 Μοψοπίας,
651 2640 702 2701 καὶ
726 2638 860 2717 ὁλόγος
877 2643 934 2702 τοῦ
951 2640 1129 2718 ποιήματος
1153 2638 1230 2703 ἀπο·

56 2748 194 2811 τείνεται
218 2746 263 2824 εἰς
287 2747 345 2823 τὴν
369 2744 521 2823 Ἀττικήν.
570 2744 732 2823 Χιλιάδες·
759 2745 822 2823 ἔχει
847 2742 875 2808 δ’
904 2746 1060 2810 ὑπόθεσιν
1084 2746 1129 2824 εἰς
1152 2747 1229 2824 τοῦς
1250 2778 1275 2819 1⁶

57 2852 349 2931 ἀποστερήσαντας
383 2851 481 2916 αὐτὸν
514 2853 667 2932 χρήματα,
705 2852 917 2935 ἃπαρέθετο,
948 2852 992 2930 ὡς
1022 2855 1112 2930 δίκην
1141 2857 1230 2916 δοῖεν

57 2960 119 3024 κᾶν
143 2959 188 3038 εἰς
212 2957 349 3038 μακράν·
375 2957 442 3022 εἶτα
471 2958 604 3034 συνάγει
629 2958 681 3022 διὰ
705 2960 816 3036 χιλίων
845 2958 927 3023 ἐτιῦν
956 2959 1121 3037 χρησμοὺς
1150 2957 1230 3022 ὐπο-

59 3066 287 3143 τελεσθέντας.
312 3065 373 3153 εἰσί
405 3066 440 3128 δέ
464 3066 568 3144 βιβλία
592 3065 631 3128 ε’.
656 3065 865 3144 ἐπιγράφεται
889 3062 953 3144 δ’ἡ
977 3067 1103 3144 πέμπτη
1128 3066 1230 3143 χιλιὰς

57 3173 142 3258 [περὶ
166 3175 328 3251 χρησμῶν,
354 3171 399 3249 ὡς
424 3172 476 3234 διά
500 3172 611 3249 χιλίων
636 3171 718 3235 ἐτιῦν
743 3170 1000 3254 ἀποτελοῦνται].

167 3297 191 3346 1.
212 3293 412 3373 πολυμνήστου
440 3292 465 3344 A
493 3292 659 3356 (Parisinus
688 3309 732 3361 gr.
756 3293 845 3359 2625),
874 3293 1055 3361 πολυμνήτου
1076 3294 1176 3347 ceteri.
1197 3323 1229 3330 —

57 3386 83 3440 2.
105 3385 151 3438 De
170 3383 337 3452 Prytanide
357 3383 409 3436 cfr.
438 3383 545 3436 testim.
565 3382 589 3435 τ’).
613 3411 642 3419 -
664 3381 848 3448 Ἀρχεβούλου
877 3388 928 3435 τοῦ
957 3382 1080 3448 Θηβαίου
1109 3387 1229 3447 ποιητοῦ

57 3474 245 3544 Hephaestio
265 3488 292 3542 p.
306 3471 349 3538 28,
365 3471 399 3523 14
418 3470 543 3525 Consbr.
573 3501 604 3508 -
631 3471 655 3524 4.
676 3472 766 3537 ρκἈ.
796 3501 827 3509 -
858 3472 882 3525 7.
912 3471 1024 3537 Νικαίας
1042 3471 1230 3541 Bernhardy,

59 3562 154 3626 Νικίας
172 3562 273 3630 vulg0.
294 3591 326 3599 -
348 3561 389 3613 15.
410 3561 525 3624 ἀττικήν
549 3560 669 3625 χιλιάδες
688 3560 710 3611 Β
730 3560 833 3628 [Paris.
853 3577 898 3630 gr.
913 3559 992 3628 2622]
1013 3561 1039 3612 D
1054 3559 1229 3630 [Bodleian.]

57 3654 81 3708 Ε
114 3648 347 3722 [Bruxellensis],
381 3650 496 3714 ἀττικὴν
531 3651 630 3715 χιλιάδι
644 3650 665 3702 ε’
699 3650 722 3703 V
746 3649 934 3718 (Leidensis)‚
972 3651 1086 3716 ἀττικήν
1122 3652 1230 3715 χιλιάδα

57 3743 160 3798 ceteri.
183 3769 212 3777 -
237 3739 324 3808 lem.
347 3741 385 3802 ὡς
407 3740 567 3805 -μακράν
594 3755 650 3794 om.
665 3739 749 3792 BVE.
771 3770 804 3778 -
825 3740 867 3792 19.
887 3743 950 3806 περί
973 3769 1002 3778 -
1026 3741 1230 3793 ἀποτελοῦνται

59 3848 116 3886 om.
132 3828 216 3895 BVE,
235 3829 267 3881 in
287 3844 346 3897 mg.
366 3829 458 3882 habet
478 3827 512 3881 A.

168 3939 199 4002 2.
230 3936 348 4004 Suidas
380 3937 598 4018 Ἀπολλώνιος
628 3937 865 4018 Ἀλεξανδρεύς,
900 3939 988 4002 ἐπιῖιν
1022 3940 1156 4016 ποιητής
1186 3973 1230 3984 -

59 4044 244 4124 σύγχρονος
266 4041 519 4122 Ἐρατοσθένους
544 4046 594 4108 καὶ
612 4044 822 4123 Εὐφορίωνος
839 4046 889 4108 καὶ
905 4044 1066 4123 Τιμάρχου
1083 4045 1134 4108 ἐπὶ
1146 4045 1229 4109 Πτο-

60 4151 192 4231 λεμαίου
216 4153 273 4213 τοῦ
299 4149 476 4228 Εὐεργέτου
501 4151 727 4228 ἐπικληθέντος
751 4154 816 4215 κτλ.

165 4275 196 4338 3.
227 4273 360 4339 Photius
391 4273 463 4338 eod.
494 4275 559 4339 279
589 4274 782 4354 (Helladius)
807 4275 947 4358 p.·532b
976 4276 1014 4338 18
1040 4276 1147 4355 (=f1·.
1173 4277 1229 4358 84)

58 4383 145 4461 παρὰ
171 4381 355 4460 Εὐφορίωνι
379 4387 423 4465 τῷ
448 4380 546 4460 φύσει
570 4383 627 4459 μὲν
653 4383 811 4462 Χαλκιδεῖ,
834 4383 921 4446 θέσει
938 4382 973 4445 δὲ
989 4380 1145 4466 Ἀθηναίῳ
1162 4388 1229 4455 κτλ.
