2902 4958
521 239 737 314 '-ra-

61 463 95 507 se
121 442 312 508 Callimachi
336 443 443 521 Actia,
479 461 610 524 quorum
647 443 826 526 exemplum
858 451 890 507 et
913 444 1040 510 Atactis
1064 449 1096 507 et
1120 443 1237 508 Chilia-

65 549 161 614 dibus
184 555 313 614 secutus
324 556 388 630 est,
413 546 511 613 facile
528 568 680 633 superare
696 568 791 632 posse
808 548 935 614 videtur
951 549 1136 614 credidisse.
1173 548 1238 615 Sed

63 656 194 722 accedit
228 656 293 720 alia
330 676 438 731 causa,
475 655 515 719 dc
541 676 603 738 qua
627 656 668 720 ab
693 655 831 721 Eltero
867 657 1000 722 edoctus
1036 677 1114 722 sum.
1150 654 1239 722 ¹Ora-

63 763 206 830 culorum
231 783 270 828 ea
293 769 416 827 tantum
442 762 640 847 Euphorioni
664 764 734 828 usui
763 771 865 846 erant,
895 784 978 846 quae
1009 785 1143 848 poenam
1168 785 1239 849 por-

63 871 252 937 tendebant.
300 871 441 935 Poenam
467 891 543 935 vcro
568 869 698 935 deorum
724 891 781 953 per
804 870 890 935 mille
919 892 1071 939 annorum
1100 871 1237 956 spatium
1342 861 1346 867 ’

61 979 203 1061 grassari
229 998 332 1060 neque
363 985 458 1042 antea
488 978 689 1059 requiescere
720 979 827 1061 opinio
859 986 928 1043 erat
957 979 1095 1047 fortasse
1120 978 1238 1063 Pytha·
1352 1061 1357 1075 Ι

63 1086 186 1170 gorioa.
234 1085 411 1170 Amplexus
435 1092 484 1150 est
508 1105 578 1149 cam
604 1085 697 1149 Plato
715 1085 852 1150 Phaedr.
877 1107 908 1170 p.
926 1087 990 1151 249
1005 1087 1088 1168 Bsq.
1112 1088 1145 1150 'et
1170 1085 1237 1149 Pol.

62 1215 92 1278 μ.
116 1194 292 1275 clausa,
328 1192 488 1275 Vergilius
518 1193 596 1256 Aen.
628 1192 673 1256 VI
699 1192 773 1272 748,
808 1187 1016 1278 Pythagorae
1047 1191 1239 1258 adscribItor

40 1293 148 1385 'apud
174 1299 383 1365 Iamblichum
409 1300 465 1364 vit.
492 1298 630 1384 Pythag.
656 1300 736 1364 VIII
759 1301 813 1379 42,
839 1300 893 1365 ubi
918 1299 996 1364 dicit
1020 1299 1237 1385 Pythagoras:

61 1407 206 1485 τῶνγὰρ
224 1407 395 1487 βαρβάρων
411 1409 462 1471 καὶ
478 1392 550 1470 Ιτῶν
565 1406 729 1483 Ἑλλήνων
752 1409 824 1486 περὶ
847 1409 906 1486 τὴν
931 1407 1051 1486 Τροίαν
1073 1406 1238 1471 ἀντιταξα-

61 1517 168 1594 μένων
193 1514 363 1594 ἑκατέρους
394 1511 433 1578 δι’
456 1514 530 1591 ἑνός
554 1513 712 1592 ἀκρασίαν
736 1519 806 1592 ταῖς
831 1513 1028 1592 δεινοτάτοις
1052 1517 1238 1593 περιπεσεῖν

60 1626 256 1701 συμφοραῖς,
286 1622 373 1699 τοὺςΙ
394 1622 451 1699 μέν
482 1621 517 1684 έν
550 1626 595 1705 τῷ
619 1621 759 1704 πολέμῳ,
788 1622 865 1700 τοὺς
895 1623 930 1685 δὲ
959 1623 1038 1686 κατὰ
1071 1622 1128 1685 τόν
1161 1619 1238 1684 ἀπό-

60 1732 176 1808 πλουν,
201 1731 251 1792 καὶ
276 1728 376 1807 μόνης
400 1733 458 1807 τῆς
485 1727 608 1805 ἀδικίας
633 1728 690 1791 τόν
715 1729 791 1791 θεόν
815 1732 924 1806 δεκετή
947 1731 997 1792 καὶ
1015 1732 1132 1807 χιλιετῆ
1148 1728 1238 1794 τάξαι

59 1838 118 1914 τὴν
152 1836 313 1914 τιμωρίαν,
347 1838 627 1919 χρησμφδήσαντα
660 1835 719 1912 τήν
747 1855 781 1898 τε
804 1836 922 1914 Τροίας
957 1835 1081 1900 ἅλωσιν
1105 1837 1156 1899 καὶ
1180 1836 1238 1914 τὴν

60 1947 127 2007 τῶν
151 1943 323 2022 παρθένων
346 1942 535 2020 ἀποστολὴν
558 1943 645 2021 παρὰ
668 1948 734 2006 τῶν
758 1941 889 2022 Λοκρῶν
907 1943 952 2022 είς
968 1944 1006 2006 τό
1030 1946 1087 2021 τῆς
1103 1943 1238 2022 Ἀθηνᾶς

61 2056 118 2130 τῆς
136 2049 270 2127 Ἰλιάδος
286 2050 383 2129 ἱερόν.
433 2049 585 2119 Videmus
609 2049 772 2115 oraculum
791 2050 958 2133 eiusmodi,
983 2050 1092 2141 qualia
1109 2050 1239 2133 collegit

61 2157 235 2242 Euphorio.
283 2157 427 2223 Alterum
459 2157 586 2223 accedit
615 2173 656 2222 ex
679 2157 846 2222 Plutarchi
870 2157 912 2222 de
942 2178 1014 2228 sera
1042 2176 1125 2222 num.
1151 2156 1237 2222 vind.

59 2266 160 2330 ο.12.
200 2265 268 2331 Nos
292 2263 332 2328 de
357 2263 406 2328 his
430 2262 554 2328 duobus
578 2270 702 2328 tantum
726 2265 855 2345 scimus,
879 2263 1043 2349 Euphorio
1067 2269 1123 2327 aut
1146 2263 1238 2348 plora

59 2372 149 2436 novit
183 2378 238 2436 aut
271 2371 381 2453 finxit3
418 2370 545 2454 singula
581 2390 652 2436 eum
685 2370 782 2438 latius
814 2379 1000 2436 exsecutum
1029 2390 1099 2436 esse
1122 2389 1179 2454 per
1203 2389 1237 2434 se

58 2485 168 2564 patet3
193 2479 301 2560 itaque
326 2499 387 2542 non
413 2484 470 2552 est,
496 2498 552 2543 our
575 2478 758 2543 dubitemus
791 2499 863 2543 eum
894 2480 1032 2562 qulnque
1062 2479 1160 2543 libros
1189 2476 1239 2541 his

58 2587 197 2652 oraculis
228 2586 388 2671 complere
418 2588 571 2671 potuisse.
619 2584 695 2666 Sed,
720 2593 754 2650 ut
781 2588 963 2651 accuratius
987 2585 1027 2650 de
1051 2591 1238 2668 argumento

58 2692 241 2759 Chihadum
272 2693 408 2758 iudicari
442 2692 631 2778 possit,.ad
656 2693 791 2758 oracula
823 2695 894 2778 ipsa
924 2713 982 2759 uos
1016 2699 1239 2758 convertamus

57 2819 192 2865 necesse
226 2806 283 2864 est.
340 2799 519 2865 Coniuncta
557 2799 706 2884 leguntur
744 2821 797 2884 ap.
829 2800 911 2864 Plut.
937 2799 977 2863 de
1006 2820 1066 2864 sor.
1091 2821 1121 2867 n.
1151 2799 1237 2865 vind.

59 2927 88 2972 c.
110 2908 149 2971 12
178 2904 228 2986 ἀρ’
255 2906 314 2971 οὖν
345 2906 403 2971 οὐκ
433 2906 641 2985 ἀτοπώτερος
674 2906 799 2970 τούτων
830 2905 1048 2994 ὁἈττόλλων,
1075 2906 1101 2970 εἰ
1125 2907 1240 2971 Φενεά-

57 3035 117 3093 τας
142 3013 303 3078 ἀπόλλυσι
328 3015 404 3092 τοὺς
429 3017 499 3090 νῦν,
532 3013 697 3092 ἐμφράξας
721 3014 759 3077 τό
785 3013 946 3093 βάραθρον
970 3016 1020 3078 καί
1036 3013 1238 3092 κατακλύσας

57 3123 119 3200 τὴν
143 3121 252 3201 χώραν
277 3119 408 3186 ἅπασαν
443 3121 567 3202 αὐτῶν,
600 3120 649 3184 ότι
673 3120 736 3200 πρὸ
761 3122 872 3199 χιλίων
896 3120 987 3203 ἐτῶν,
1013 3120 1057 3198 ὥς
1082 3136 1195 3202 φασιν,
1220 3121 1239 3185 ό

56 3228 216 3306 Ἡρακλῆς
253 3226 449 3306 ἀνασπάσας
488 3228 546 3292 τόν
584 3228 722 3306 τρίποδα
753 3228 812 3313 τὸν
849 3228 1001 3306 μαντικόν
1035 3227 1080 3307 εἰς
1116 3229 1238 3292 Φενεόν

56 3333 227 3413 ἀπήνεγκε.
276 3335 463 3414 (υβαρίταις
495 3336 530 3398 δέ
562 3335 696 3413 φράζων
725 3333 888 3399 ἀπόλυσιν
911 3339 976 3399 τῶν
1009 3339 1125 3417 κακῶν,
1159 3334 1239 3399 ὅταν
1270 3332 1272 3337 ’

57 3442 164 3520 τρισὶν
188 3439 336 3521 ὀλέθροις
359 3440 538 3505 ἱλάσωνται
563 3441 601 3505 τὸ
625 3442 743 3520 μήνιμα
766 3445 823 3519 τῆς
848 3440 1022 3520 Λευκαδίας
1047 3439 1163 3520 Ἥρας·
1189 3443 1239 3506 καὶ

57 3550 121 3628 μὴν
152 3547 193 3639 οὐ
228 3549 330 3626 πολὺς
365 3548 495 3629 χρόνος,
532 3545 588 3628 ἀφ’
624 3546 663 3611 οὗ
696 3547 811 3627 Λοκροὶ
841 3549 1023 3628 πέμποντες
1051 3548 1096 3629 είς
1120 3550 1239 3628 Τροίαν

58 3656 241 3720 πέπαυνται
265 3655 322 3733 τὰς
347 3655 540 3736 παρθένους,

220 3763 251 3826 αἳ
279 3765 330 3825 καὶ
353 3762 571 3842 ἀναμπέχονοι
595 3767 728 3842 γυμνοῖς
753 3765 851 3828 ποσὶν
875 3763 950 3843 ἠύτε
974 3767 1087 3831 δοῦλαι

220 3869 308 3947 ήοῖαι
332 3871 507 3949 σαίρεσκον
531 3869 699 3949 Ἀθηναίης
723 3872 795 3950 περὶ
820 3872 929 3950 βωμὸν
1020 3924 1022 3928 ,

221 3978 322 4057 νόσφι
349 3980 548 4058 κρηδέμνοιο,
573 3981 623 4044 καὶ
647 3979 674 4044 εἰ
699 3980 778 4060 βαρὺ
802 3985 902 4059 γήρας
926 3981 1040 4063 ἱκάνοι,

55 4086 110 4150 διὰ
138 4087 198 4162 τὴν
221 4084 357 4164 Αἴαντος
382 4085 570 4151 ἀκολασίαν.
1114 4157 1116 4167 ,

55 4192 176 4256 Totum
211 4191 316 4257 locum
351 4212 389 4256 ex
424 4193 641 4276 Euphorionis
674 4193 875 4260 Ohiliadihus
903 4204 1062 4279 sumptum
1088 4215 1174 4276 esse,
1204 4202 1239 4260 ot

55 4305 168 4364 censet
202 4298 416 4363 Thraemer
454 4299 562 4364 Herm.
589 4301 683 4365 XXV
708 4322 739 4384 p.
766 4303 1127 4385 hosqq.,fflquamquam
1159 4302 1237 4366 mihi

56 4426 121 4471 non
147 4411 196 4470 est
220 4406 392 4471 verisimile
416 4444 459 4451 —
484 4405 525 4471 de
551 4407 725 4474 Posidonio
749 4409 911 4474 Plutarchi
937 4419 1069 4474 auctore
1095 4410 1239 4492 cogitare
