2902 4958
581 193 849 294 Ι-ιιο,-’

628 406 692 472 184
716 406 772 486 (60
785 406 829 488 b).

332 531 443 609 λιγνιίν
467 552 501 596 τε
524 532 717 610 ψολόεσσαν
739 530 912 610 ἀιδνήεντιίι
934 553 968 597 τε
992 533 1126 597 καπνόν.

157 688 180 750 .'
244 657 352 724 Solrol.
378 657 450 724 Nic.
479 655 576 722 Ther.
602 657 667 722 288
702 657 849 735 ψολόεις·
883 659 955 736 τρία
987 658 1134 736 σημαίνει
1166 658 1185 735 ἡ
1213 657 1307 736 λέξις.

140 765 204 829 ἐστὶ
230 764 292 844 γὰρ
315 765 440 842 ψολόεν
464 765 502 828 τὸ
526 764 635 844 μέλαν,
660 764 698 827 τὸ
716 765 925 846 σποδοειδές,
949 765 987 828 τὸ
1012 766 1173 844 λαμπρόν·
1205 765 1309 844 Εὐφο·

140 873 215 950 ρίιιιν
244 871 273 950 ’ἢ
297 871 413 950 Αίτνην
444 871 646 953 ψολόεσσαν,
680 870 831 935 ἐναύλιον
859 871 1087 951 ἀστεροπαῑον’
1112 872 1235 953 (frat,
1256 873 1308 950 11)

138 981 187 1044 καὶ
211 978 258 1044 ἔτι
281 977 402 1055 (λιγνύν
425 977 469 1044 κε’
492 983 558 1045 κτλ.

184 1093 188 1097 ”
244 1086 340 1150 λιγνὺν
352 1101 383 1139 τε
396 1085 430 1170 R}
448 1085 546 1155 λιγνὴν
556 1101 587 1138 τε
601 1084 634 1152 V,
655 1084 734 1150 ίγνιίν
746 1101 778 1139 τε
791 1083 879 1153 KPG,
899 1085 976 1139 ίδνὸν
989 1102 1021 1140 τε
1033 1085 1067 1153 L,
1087 1086 1173 1151 ἀχλύν
1186 1101 1217 1139 τε
1228 1083 1261 1137 Α.
1277 1113 1309 1122 -

137 1177 181 1229 καί
201 1175 353 1241 ἀιδνὴεντά
371 1190 403 1228 τε
422 1168 492 1231 liv.
513 1203 544 1212 -
566 1174 647 1240 ἀϊδνὴ
667 1176 762 1238 λιγνὺς
781 1174 877 1245 Apoll.
898 1174 951 1228 Rh.
971 1174 1058 1230 1889.

651 1300 798 1366 DVBIA.

609 1428 671 1493 185
696 1425 784 1507 (dub.
803 1428 844 1506 2).

112 1618 116 1622 ,
183 1645 186 1650 Δ
268 1554 361 1618 καλαὶ
385 1554 442 1631 μέν
468 1549 539 1618 ποτ’
564 1552 656 1635 ἔσαν,
681 1553 784 1631 καλαί,
808 1551 908 1633 φόβαι
933 1551 1121 1618 Εὐτελίδαο·

266 1659 338 1725 ἀλλ’
364 1661 465 1729 αὐτὸν
490 1659 662 1739 βάσκαινεν
686 1660 764 1724 ἰδὼν
788 1659 954 1740 ὀλοφώιος
979 1659 1059 1740 ἀνὴρ

269 1765 362 1852 *δίνῃ
379 1765 415 1831 ἐν
429 1772 580 1852 ποταμῷ·
606 1769 665 1832 τὸν
689 1771 717 1832 δ’
736 1767 847 1833 αὐτίκα
871 1770 993 1847 νοῦσος
1016 1766 1124 1846 ἀεικής
1138 1815 1145 1832 .
1160 1815 1192 1832 ..

246 1893 329 1958 Plut.
347 1892 409 1971 Qu.
425 1913 528 1979 symp.
545 1915 577 1979 μ.
589 1893 694 1958 682ss
718 1893 747 1956 τί
764 1893 803 1970 δ’,
821 1892 847 1963 d
863 1895 946 1972 πρὸς
963 1896 1021 1957 τού
1033 1893 1124 1970 Διός,
1140 1893 1224 1971 ἐρεῖς
1240 1895 1311 1972 περὶ

135 2005 203 2066 τῶν
228 2001 364 2078 ἑαυτοὺς
387 2002 656 2081 καταβασκαίνειν
673 2002 869 2080 λεγομένων;
894 2002 945 2066 καὶ
966 2002 1027 2080 γὰρ
1047 1998 1133 2065 τοῦτ’
1155 2000 1310 2080 ἀκήκοας.

134 2110 224 2174 εἰδὲ
253 2110 304 2190 μή,
336 2105 467 2186 πάντως
498 2106 586 2173 ταῦτ’
624 2099 823 2187 ἀνέγνωκας·
860 2107 963 2172 ‘aulai
996 2107 1076 2187 μένί
1095 2113 1161 2173 κτλ.
1208 2107 1312 2188 ὁγὰρ

136 2217 312 2295 Εὐτελίδας
338 2217 461 2294 λέγεται
486 2218 585 2295 καλὸς
611 2216 716 2302 ἑαυτῷ
744 2204 860 2296 (μανεὶς
884 2217 935 2280 καὶ
960 2217 1072 2283 παθών
1095 2237 1124 2280 τι
1148 2217 1230 2295 πρὸς
1254 2219 1312 2295 τὴν

135 2323 215 2404 ὄψιν
240 2324 274 2388 ἐκ
297 2323 414 2389 τούτου
448 2326 588 2404 νοσῆσαι
622 2325 672 2389 καὶ
701 2325 760 2402 τὴν
789 2319 913 2399 εὐεξίαν
941 2324 1018 2401 μετὰ
1041 2327 1099 2402 τῆς
1123 2323 1210 2403 ὥρας
1234 2323 1312 2389 ἀτο-

136 2435 256 2512 βαλεῑν.
471 2425 473 2429 ’
536 2492 537 2497 ,
833 2443 838 2451 ’

246 2540 270 2592 1.
298 2542 344 2592 καλ
365 2539 452 2606 φόβαι
474 2538 560 2604 trad„
590 2553 667 2593 corr.
690 2538 858 2609 Eruperius.
888 2565 920 2577 -—
952 2537 977 2591 2.
1002 2539 1088 2592 αὐτὸν
1118 2538 1203 2606 trad,
1226 2539 1313 2592 αὐτὸν

134 2627 269 2698 Xyland.
281 2659 311 2668 -
325 2629 350 2684 8.
370 2629 492 2695 δινήεντι
511 2627 588 2697 Χνλ,
608 2630 717 2694 δινήντι
734 2627 832 2703 Mein,
852 2627 915 2695 δίνῃ
938 2628 969 2681 ὲν
992 2629 1043 2691 (ἐνί
1063 2628 1164 2695 Mein.)
1182 2633 1312 2694 ποταμοῦ

134 2717 348 2786 Wyttenbach.
493 2791 495 2795 ,
829 2764 832 2773 .

244 2806 318 2865 Tros
347 2822 455 2862 versus
481 2807 667 2876 Euphorioni
695 2807 801 2860 tribuit
825 2806 1005 2868 Valckenar.
1033 2822 1079 2875 ap.
1099 2806 1311 2875 Wyttenbach.

135 2896 177 2949 ad
197 2894 275 2950 Plut.
296 2896 336 2950 de
353 2912 422 2956 scra
441 2912 522 2950 num.
542 2896 624 2949 vind.
644 2912 672 2965 p.
686 2896 720 2950 67
741 2911 835 2969 causa
855 2912 916 2950 ooo
936 2896 1049 2949 addita.
1087 2896 1219 2950 Possunt
1231 2896 1312 2965 Hya-

134 2986 238 3040 cintho
259 2986 398 3040 adscribi.
437 2986 596 3041 Eulalidae
615 2986 740 3041 fortuna
765 2986 870 3047 similis
899 2986 956 3039 tuit
982 2985 1123 3052 Narcissi,
1151 2985 1204 3039 cir.
1225 2985 1311 3040 Ovid.

133 3075 204 3129 Met.
227 3075 417 3144 1113ssrqn
932 3097 934 3102 ·

688 3166 760 3231 186.
830 3227 832 3235 ,

245 3271 343 3343 Varro
363 3287 420 3326 rer.
441 3271 541 3326 rusti
563 3273 618 3338 1,-9
638 3273 747 3339 (exscr.
767 3270 932 3327 Columella
952 3272 974 3341 l,
990 3273 1013 3336 1,
1027 3272 1106 3342 isq.)
1125 3273 1204 3326 inter
1221 3273 1312 3342 scrip-

138 3375 230 3428 tores,
252 3363 302 3431 qul
323 3362 361 3416 de
380 3361 570 3432 agricultura
589 3362 784 3431 scripserunt,
805 3368 963 3424 enumerat
982 3362 1214 3433 Euphorionem.
1253 3359 1311 3416 Sed

135 3468 206 3508 cum
226 3467 259 3506 sc
278 3435 414 3521 patriam*
427 3451 493 3504 eius
506 3452 651 3519 ignorare
665 3450 753 3517 dicat,
774 3466 835 3508 noo
849 3457 896 3505 ast
908 3452 1071 3505 verisimile
1085 3450 1312 3506 Clralcidensem

136 3557 207 3597 eum
227 3542 388 3610 respicere.
421 3539 518 3593 Etiam
538 3540 574 3592 ir.
588 3539 624 3593 90
641 3540 773 3594 tortasse
793 3540 946 3595 indubiis
964 3541 1139 3612 ponendum
1159 3543 1214 3594 est.

244 3630 335 3708 Quae
359 3636 527 3715 praeterea
543 3628 693 3695 Meineke
718 3630 903 3695 coniectura
920 3630 1120 3716 Euphorioni
1141 3629 1313 3716 adscripsit

135 3742 330 3823 fragmenta,
355 3759 418 3803 noo
442 3737 561 3822 recepi.
600 3737 715 3820 Neque
732 3736 1034 3812 Wilamowilzio
1057 3738 1179 3804 accedo
1203 3758 1313 3804 versus

136 3848 178 3913 ab
203 3846 311 3931 Etym.
337 3845 417 3911 Gen.
442 3866 468 3910 s.
486 3866 516 3909 v.
540 3842 603 3908 ἀνὰ
626 3844 729 3923 δρυμά
757 3844 829 3921 τίμαΙ
850 3846 991 3911 auctoris
1015 3846 1141 3911 nomine
1165 3844 1313 3912 laudatos

138 3954 372 4035 (Reitzenstein
397 3951 463 4016 ind.
487 3952 561 4016 lect.
583 3950 737 4018 Rostoch.
765 3952 905 4040 1890191
926 3975 958 4039 p.
976 3954 1008 4033 9)
1031 3953 1230 4039 Euphorioni
1261 3956 1313 4019 tri-

137 4062 247 4129 buenti
273 4061 379 4141 (B.Kl.
398 4060 458 4125 Vl
486 4081 518 4145 p.
535 4059 590 4143 59,
611 4062 652 4139 l).
700 4060 813 4144 Neque
828 4061 894 4144 cis,
920 4080 1003 4144 quae
1027 4061 1194 4154 Apuleius,
1219 4081 1313 4146 quem

135 4168 257 4251 dicunt,
292 4168 441 4233 falsarius
471 4165 512 4231 de
546 4157 776 4258 orthographia
800 4166 840 4232 51
873 4173 905 4233 ei
928 4167 971 4233 28
1001 4168 1109 4249 (Mein.
1134 4152 1174 4235 tr.
1194 4169 1257 4234 166
1281 4177 1314 4234 et

135 4275 211 4342 dub.
237 4277 270 4356 4)
295 4274 493 4359 Euphorioni
517 4275 696 4360 supposuit,
720 4276 824 4342 locum
852 4274 937 4340 dedi.
