2902 4958
635 227 809 280 „34-

136 411 322 487 σημειούται
338 409 374 472 δὲ
390 407 410 471 ὁ
425 408 569 486 τεχνικός
586 406 775 487 (Herodian.
790 407 823 472 Μ
839 428 870 492 ρ.
882 407 960 490 650,
979 405 1064 487 711.)
1081 427 1155 472 πνα
1170 427 1307 486 περιττο

138 514 310 595 συλλάβως
334 516 492 596 κλιθέντα,
516 515 578 579 εἰσὶ
601 517 778 579 δὲταῦτα·
802 513 926 595 Ἀφίας,
950 513 1126 594 Ἀφίαντος
1148 514 1227 594 παρ’
1250 514 1306 579 Εὐ·

136 624 275 702 φορίωνι
299 625 366 686 κτλ.

245 727 365 795 Ἀπφίας
388 727 507 796 Osann„
532 728 662 796 Ἀφείδας
686 729 734 783 vel
753 728 869 817 Ἀφίόας
890 727 979 783 Μαίη.
998 728 1044 782 αΙλ.
1064 727 1157 783 schol.
1176 727 1204 782 A
1224 728 1306 784 Hom.

137 818 163 870 Δ
182 817 226 885 66,
246 817 344 886 Etym.
364 818 400 871 Μ.
420 834 448 887 ρ.
462 818 523 884 Πθ,
537 817 580 872 24.

627 946 685 1010 161
714 946 817 1025 1(36“)

242 1071 294 1136 Et
319 1071 360 1137 Μ.
383 1092 414 1156 ρ.
433 1072 508 1151 194,
524 1072 568 1136 23
593 1073 724 1151 βέθρον·
754 1073 907 1151 βέρεθρον
935 1074 986 1136 καὶ
1009 1078 1158 1156 συγκοτιὴ
1183 1018 1306 1153 βέθρον.

137 1176 260 1257 Κράτης
283 1180 334 1243 καὶ
352 1179 525 1259 Εὐφορίων
549 1178 666 1256 οὕτως.

630 1324 692 1388 162
716 1324 820 1403 (161).

243 1447 398 1513 Choerob.
432 1448 464 1514 in
497 1447 622 1514 Theod.
657 1469 729 1514 can.
761 1470 794 1533 p.
816 1449 892 1530 234,
917 1452 930 1513 1
959 1449 1046 1533 Hilg.
1092 1451 1308 1530 σεσημείωται

136 1556 212 1634 παρ’
237 1556 422 1635 Εύφορίωνι
450 1555 535 1622 άπαξ
568 1556 698 1636 εὑρεθὲν
726 1558 764 1620 τὸ
798 1557 918 1635 βότρυα
951 1559 1002 1621 καὶ
1029 1559 1117 1636 παρά
1140 1558 1308 1640 Διονυσίῳ

136 1663 195 1727 ούκ
218 1663 254 1727 ἐν
276 1669 314 1746 τῇ
338 1665 536 1743 περιηγήσει,
559 1662 630 1727 ἀλλ’
651 1665 688 1727 έν
704 1663 802 1747 ἑτέρῳ
819 1663 919 1727 αὐτοῦ
935 1665 1085 1743 ποιήματι
1101 1666 1140 1730 τὸ
1156 1664 1250 1743 δρύα.
1266 1701 1310 1712 -

135 1771 178 1835 ib.
202 1791 235 1854 p.
252 1771 328 1852 234,
345 1771 389 1835 29
413 1769 484 1834 οίον
507 1773 565 1835 τὸν
590 1771 724 1850 βότρυν·
748 1772 786 1835 τὸ
808 1771 870 1849 γὰρ
886 1768 961 1850 παρ’
979 1771 1166 1850 Εὐφορίωνι
1190 1773 1311 1852 βότρυα

135 1879 360 1955 σεσημείωται.

635 1986 697 2050 163
722 1986 802 2066 (91).

487 2110 680 2190 πολύτροφα
704 2111 825 2189 δάκρυα
849 2111 958 2191 βύνης.

243 2235 298 2340 Et..
320 2235 362 2300 M.
386 2255 412 2299 s.
429 2254 500 2300 νοο.
525 2234 716 2313 λιβοούμεθα
739 2256 771 2319 ρ.
788 2235 865 2317 564,
882 2236 926 2300 45
951 2236 1124 2314 Εὐφορίων
1148 2238 1184 2301 δὲ
1210 2237 1314 2318 βύνην

135 2345 193 2420 τὴν
210 2342 381 2407 θάλασσαν
398 2343 492 2420 λέγει,
509 2341 580 2406 οἷον
596 2340 808 2422 πολύτροφα
827 2347 893 2406 κτλ.
917 2344 995 2420 τοὺς
1011 2343 1093 2421 ἅλας
1110 2344 1313 2424 βουλόμενος

135 2450 247 2514 εἰπεῖν.
271 2485 315 2496 -
339 2449 390 2512 Et.
415 2449 456 2513 M.
481 2470 513 2533 ρ.
530 2450 645 2526 217,4
670 2449 770 2527 Βύνη·
797 2451 815 2529 ἡ
840 2449 1000 2515 Λευκοθέα
1022 2451 1042 2528 ἢ
1066 2448 1149 2515 Ἰνιύ·
1173 2450 1249 2516 οἷον

439 2574 543 2655 Βύνης
567 2577 786 2654 καταλέκτριαι
810 2574 1005 2653 αὐδηέσσης.

135 2737 179 2748 -
196 2699 289 2765 ἄλλοι
306 2701 457 2765 θάλασσα
473 2700 611 2779 (θαλόμη
629 2699 714 2778 cdd„
740 2720 819 2765 corr.
838 2699 1013 2778 Βοτλτολ.)ἢ
1032 2699 1141 2781 πεύκη,
1158 2699 1206 2778 ιίις
1223 2703 1314 2781 παρὰ

136 2809 357 2892 (Εὐφορίωνα
382 2807 575 2887 πολύτροφα
599 2813 628 2875 δ.
647 2807 709 2889 β.>.
756 2806 936 2886 Λυκόφρων
961 2808 1049 2885 (107,
1075 2807 1164 2883 157).

243 2914 492 2985 Supplementum
512 2913 719 2968 est-Scheerii.
759 2912 817 2968 Cfr.
837 2913 907 2967 Hes.
928 2914 1010 2980 βύνη·
1038 2915 1182 2967 θάλασσα·
1209 2915 1313 2982 πεύκη.

627 3039 690 3103 164
713 3039 816 3119 (169).

242 3165 397 3232 Choerob.
414 3164 556 3248 orthogr.
573 3165 718 3245 (Cramer
731 3165 789 3228 An.
804 3164 865 3229 Ox.
883 3165 914 3228 H
932 3185 964 3249 p.
977 3164 1054 3245 239,
1070 3163 1166 3246 6οη.)
1191 3165 1310 3252 λείπω·

135 3276 218 3352 λέγει
243 3274 261 3340 ὁ
284 3272 411 3355 ’ωρος,
435 3273 484 3337 ότι
508 3273 614 3337 πάντα
637 3273 725 3351 παρὰ
748 3273 786 3336 τὸ
811 3272 910 3337 λείπω
935 3272 987 3337 διὰ
1010 3270 1112 3349 τῆςὲῖ
1128 3271 1311 3350 διφθόγγου

134 3382 307 3462 γράφεται·
332 3379 404 3445 οίον
428 3379 614 3460 λειπόνεως,
649 3381 842 3461 λειποταξία,
873 3375 1084 3460 λειποτάξιον,
1119 3373 1311 3458 λειποστρά·

134 3509 230 3554 τειον.
266 3489 285 3553 ὁ
309 3490 345 3552 δὲ
368 3486 551 3578 ’ωριγένης
576 3487 628 3550 διὰ
652 3490 709 3550 τοῦ
726 3501 737 3550 ι
754 3487 840 3563 λέγει
864 3486 1062 3566 γράφεσθαι·
1088 3484 1159 3550 οἷον
1182 3484 1311 3569 [ἔλιπον

134 3593 209 3675 παρ’
245 3593 440 3677 Εὐφορίωνι]
483 3592 627 3673 (seclusit
655 3593 751 3658 Mein.
785 3598 896 3677 utpote
932 3613 949 3656 e
982 3591 1191 3674 sequentibus
1227 3595 1311 3672 orta)

135 3703 330 3783 λιποτρόφια
357 3702 444 3781 παρὰ
470 3701 697 3785 Νεοπτολέμῳ·
721 3701 867 3780 ἐλλιπέες
891 3697 966 3779 παρ’
993 3699 1194 3779 Εὐφορίωνι·
1220 3703 1311 3765 λιπο·

135 3811 309 3875 κτενίασσα
342 3808 564 3887 (λιποκτέανος
590 3807 746 3887 Cramer)·
783 3809 988 3871 λιποναύται·
1022 3805 1208 3881 λιποταξίου
1233 3803 1309 3886 παρ’

134 3916 370 3997 Ἀριστοφάνει.

627 4040 686 4105 165
711 4041 814 4120 (146).

241 4166 349 4233 Schol.
385 4167 490 4232 Vatie.
527 4166 558 4230 in
589 4166 724 4248 Dionys.
756 4163 874 4229 Thrae.
907 4170 1007 4229 artem
1042 4164 1138 4247 12ρ.
1161 4162 1240 4246 233,
1266 4162 1310 4228 22

134 4272 223 4358 Hilg
253 4273 322 4339 ἰδού
350 4274 411 4352 γὰρ
437 4273 610 4354 Εὐφορίων
634 4272 653 4336 ὁ
677 4273 812 4350 ποιητὴς
846 4273 919 4350 περι
952 4275 1009 4335 τού
1042 4269 1183 4350 ἀρότρου
1219 4212 1309 4406 έῖπεν

134 4381 321 4461 ἐνοσίχθονι
341 4383 392 4446 καί
415 4382 472 4459 τὴν
497 4379 608 4444 ἐλαίαν
632 4383 827 4456 γλαυκῶπιν.
