<?xml version="1.0" encoding="UTF-8"?>
<!DOCTYPE html PUBLIC "-//W3C//DTD XHTML 1.0 Transitional//EN"
    "http://www.w3.org/TR/xhtml1/DTD/xhtml1-transitional.dtd">
<html xmlns="http://www.w3.org/1999/xhtml" xml:lang="en" lang="en">
 <head>
  <title>
</title>
<meta http-equiv="Content-Type" content="text/html;charset=utf-8" />
  <meta name='ocr-system' content='tesseract 3.04.00' />
  <meta name='ocr-capabilities' content='ocr_page ocr_carea ocr_par ocr_line ocrx_word'/>
</head>
<body>
  <div class='ocr_page' id='page_1' title='image "./evphorionisfrag00schegoog_0064.png"; bbox 0 0 2902 4958; ppageno 0'>
   <div class='ocr_carea' id='block_1_1' title="bbox 643 237 837 329">
    <p class='ocr_par' dir='ltr' id='par_1_1' title="bbox 643 237 837 329">
     <span class='ocr_line' id='line_1_1' title="bbox 643 237 837 329; baseline 0 -52"><span class='ocrx_word' id='word_1_1' title='bbox 643 237 837 329; x_wconf 51' lang='lat' dir='ltr'>..pp..⁴</span> 
     </span>
    </p>
   </div>
   <div class='ocr_carea' id='block_1_2' title="bbox 657 421 805 502">
    <p class='ocr_par' dir='ltr' id='par_1_2' title="bbox 657 421 805 502">
     <span class='ocr_line' id='line_1_2' title="bbox 657 421 805 502; baseline 0.014 -18"><span class='ocrx_word' id='word_1_2' title='bbox 657 421 699 486; x_wconf 83' lang='grc' dir='ltr'>οι</span> <span class='ocrx_word' id='word_1_3' title='bbox 726 421 805 502; x_wconf 78' lang='grc' dir='ltr'>(ω).</span> 
     </span>
    </p>
   </div>
   <div class='ocr_carea' id='block_1_3' title="bbox 301 580 1102 769">
    <p class='ocr_par' dir='ltr' id='par_1_3' title="bbox 301 580 1102 769">
     <span class='ocr_line' id='line_1_3' title="bbox 301 580 1066 660; baseline 0.003 -16"><span class='ocrx_word' id='word_1_4' title='bbox 301 581 335 658; x_wconf 91' lang='grc' dir='ltr'>ἐς</span> <span class='ocrx_word' id='word_1_5' title='bbox 359 580 461 659; x_wconf 87' lang='grc' dir='ltr'>Φθίην</span> <span class='ocrx_word' id='word_1_6' title='bbox 484 584 589 660; x_wconf 92' lang='grc' dir='ltr'>χιλοῖο</span> <span class='ocrx_word' id='word_1_7' title='bbox 613 582 720 659; x_wconf 87' lang='grc' dir='ltr'>κατήῑε</span> <span class='ocrx_word' id='word_1_8' title='bbox 745 582 878 660; x_wconf 88' lang='grc' dir='ltr'>πάμπαν</span> <span class='ocrx_word' id='word_1_9' title='bbox 903 581 1066 660; x_wconf 83' lang='grc' dir='ltr'>ἄπαστος·</span> 
     </span>
     <span class='ocr_line' id='line_1_4' title="bbox 301 686 1102 769; baseline 0.002 -18"><span class='ocrx_word' id='word_1_10' title='bbox 301 686 437 752; x_wconf 87' lang='grc' dir='ltr'>τούνεκα</span> <span class='ocrx_word' id='word_1_11' title='bbox 462 689 664 768; x_wconf 82' lang='grc' dir='ltr'>Μυρμιδόνες</span> <span class='ocrx_word' id='word_1_12' title='bbox 689 710 741 768; x_wconf 93' lang='grc' dir='ltr'>μιν</span> <span class='ocrx_word' id='word_1_13' title='bbox 765 688 890 768; x_wconf 86' lang='grc' dir='ltr'>Ἀχιλέα</span> <span class='ocrx_word' id='word_1_14' title='bbox 914 691 1102 769; x_wconf 84' lang='grc' dir='ltr'>φημίξαντο.</span> 
     </span>
    </p>
   </div>
   <div class='ocr_carea' id='block_1_4' title="bbox 138 830 1385 1798">
    <p class='ocr_par' dir='ltr' id='par_1_4' title="bbox 138 830 1385 1237">
     <span class='ocr_line' id='line_1_5' title="bbox 248 830 1316 916; baseline 0.003 -21"><span class='ocrx_word' id='word_1_15' title='bbox 248 831 356 916; x_wconf 87' lang='lat' dir='ltr'><strong>Etym.</strong></span> <span class='ocrx_word' id='word_1_16' title='bbox 379 832 421 896; x_wconf 89' lang='grc' dir='ltr'>Μ.</span> <span class='ocrx_word' id='word_1_17' title='bbox 446 853 477 916; x_wconf 88' lang='lat' dir='ltr'>p.</span> <span class='ocrx_word' id='word_1_18' title='bbox 504 832 576 911; x_wconf 85' lang='lat'>181,</span> <span class='ocrx_word' id='word_1_19' title='bbox 598 832 640 897; x_wconf 75' lang='lat'>25</span> <span class='ocrx_word' id='word_1_20' title='bbox 669 830 831 912; x_wconf 87' lang='grc' dir='ltr'>Ἀχιλλεύς</span> <span class='ocrx_word' id='word_1_21' title='bbox 858 870 894 880; x_wconf 96' lang='grc'><strong>-</strong></span> <span class='ocrx_word' id='word_1_22' title='bbox 922 834 974 898; x_wconf 92' lang='grc' dir='ltr'>διὰ</span> <span class='ocrx_word' id='word_1_23' title='bbox 1001 832 1039 899; x_wconf 88' lang='grc' dir='ltr'>τὸ</span> <span class='ocrx_word' id='word_1_24' title='bbox 1068 835 1109 913; x_wconf 86' lang='grc' dir='ltr'>μὴ</span> <span class='ocrx_word' id='word_1_25' title='bbox 1133 837 1234 910; x_wconf 84' lang='grc' dir='ltr'>θιγεῖν</span> <span class='ocrx_word' id='word_1_26' title='bbox 1255 834 1316 912; x_wconf 88' lang='grc' dir='ltr'>χεί-</span> 
     </span>
     <span class='ocr_line' id='line_1_6' title="bbox 140 936 1316 1022; baseline 0.001 -19"><span class='ocrx_word' id='word_1_27' title='bbox 140 943 210 1003; x_wconf 92' lang='grc' dir='ltr'>λεσι</span> <span class='ocrx_word' id='word_1_28' title='bbox 235 943 339 1017; x_wconf 86' lang='grc' dir='ltr'>χιλῆς,</span> <span class='ocrx_word' id='word_1_29' title='bbox 363 939 382 1004; x_wconf 92' lang='grc' dir='ltr'>ό</span> <span class='ocrx_word' id='word_1_30' title='bbox 406 940 474 1003; x_wconf 91' lang='grc' dir='ltr'>ἐστι</span> <span class='ocrx_word' id='word_1_31' title='bbox 490 947 632 1019; x_wconf 86' lang='grc' dir='ltr'>τροφῆς·</span> <span class='ocrx_word' id='word_1_32' title='bbox 658 940 743 1019; x_wconf 82' lang='grc' dir='ltr'>ὅλως</span> <span class='ocrx_word' id='word_1_33' title='bbox 760 941 821 1020; x_wconf 91' lang='grc' dir='ltr'>γὰρ</span> <span class='ocrx_word' id='word_1_34' title='bbox 838 940 876 1004; x_wconf 88' lang='grc' dir='ltr'>οὐ</span> <span class='ocrx_word' id='word_1_35' title='bbox 894 941 1027 1021; x_wconf 83' lang='grc' dir='ltr'>μετέσχε</span> <span class='ocrx_word' id='word_1_36' title='bbox 1042 936 1211 1022; x_wconf 79' lang='grc' dir='ltr'>γάλακτος,</span> <span class='ocrx_word' id='word_1_37' title='bbox 1234 941 1316 1006; x_wconf 87' lang='grc' dir='ltr'>ἀλλὰ</span> 
     </span>
     <span class='ocr_line' id='line_1_7' title="bbox 139 1046 1385 1133; baseline -0.001 -21"><span class='ocrx_word' id='word_1_38' title='bbox 139 1050 272 1133; x_wconf 85' lang='grc' dir='ltr'>μυελοῖς</span> <span class='ocrx_word' id='word_1_39' title='bbox 309 1046 442 1127; x_wconf 77' lang='grc' dir='ltr'>ἐλάφων</span> <span class='ocrx_word' id='word_1_40' title='bbox 478 1048 601 1127; x_wconf 87' lang='grc' dir='ltr'>ἐτράφη</span> <span class='ocrx_word' id='word_1_41' title='bbox 633 1049 697 1112; x_wconf 86' lang='grc' dir='ltr'>ὑπὸ</span> <span class='ocrx_word' id='word_1_42' title='bbox 732 1048 903 1127; x_wconf 87' lang='grc' dir='ltr'>Χείρωνος.</span> <span class='ocrx_word' id='word_1_43' title='bbox 939 1048 989 1113; x_wconf 88' lang='grc' dir='ltr'>ότι</span> <span class='ocrx_word' id='word_1_44' title='bbox 1013 1049 1076 1114; x_wconf 89' lang='grc' dir='ltr'>ύπό</span> <span class='ocrx_word' id='word_1_45' title='bbox 1102 1049 1317 1128; x_wconf 81' lang='grc' dir='ltr'>Μυρμιδόνων</span> <span class='ocrx_word' id='word_1_46' title='bbox 1379 1091 1385 1101; x_wconf 82' lang='lat'><strong>·</strong></span> 
     </span>
     <span class='ocr_line' id='line_1_8' title="bbox 138 1153 1373 1237; baseline 0.002 -19"><span class='ocrx_word' id='word_1_47' title='bbox 138 1154 268 1237; x_wconf 80' lang='grc' dir='ltr'>ἐκλήθη,</span> <span class='ocrx_word' id='word_1_48' title='bbox 293 1153 373 1219; x_wconf 88' lang='grc' dir='ltr'>καθά</span> <span class='ocrx_word' id='word_1_49' title='bbox 391 1168 499 1235; x_wconf 88' lang='grc' dir='ltr'>φησιν</span> <span class='ocrx_word' id='word_1_50' title='bbox 524 1154 710 1235; x_wconf 83' lang='grc' dir='ltr'>Εὐφορίων·</span> <span class='ocrx_word' id='word_1_51' title='bbox 735 1156 778 1235; x_wconf 67' lang='lat' dir='ltr'>‘lg</span> <span class='ocrx_word' id='word_1_52' title='bbox 803 1156 916 1234; x_wconf 83' lang='grc' dir='ltr'>Φθίην’</span> <span class='ocrx_word' id='word_1_53' title='bbox 940 1161 1006 1220; x_wconf 87' lang='grc' dir='ltr'>κτλ.</span> <span class='ocrx_word' id='word_1_54' title='bbox 1367 1179 1373 1192; x_wconf 91' lang='grc'>·</span> 
     </span>
    </p>

    <p class='ocr_par' dir='ltr' id='par_1_5' title="bbox 138 1276 1318 1627">
     <span class='ocr_line' id='line_1_9' title="bbox 248 1276 1316 1350; baseline 0.003 -17"><span class='ocrx_word' id='word_1_55' title='bbox 248 1276 346 1333; x_wconf 85' lang='lat' dir='ltr'><strong>Schol.</strong></span> <span class='ocrx_word' id='word_1_56' title='bbox 374 1279 439 1333; x_wconf 88' lang='lat' dir='ltr'><strong>cod.</strong></span> <span class='ocrx_word' id='word_1_57' title='bbox 450 1279 544 1334; x_wconf 85' lang='lat' dir='ltr'><strong>Paris.</strong></span> <span class='ocrx_word' id='word_1_58' title='bbox 567 1279 638 1333; x_wconf 78' lang='grc'><strong>2556</strong></span> <span class='ocrx_word' id='word_1_59' title='bbox 655 1280 742 1334; x_wconf 89' lang='lat' dir='ltr'><strong>Hom.</strong></span> <span class='ocrx_word' id='word_1_60' title='bbox 754 1281 775 1333; x_wconf 91' lang='grc' dir='ltr'>Α</span> <span class='ocrx_word' id='word_1_61' title='bbox 787 1281 800 1333; x_wconf 92' lang='lat'>1</span> <span class='ocrx_word' id='word_1_62' title='bbox 816 1279 950 1347; x_wconf 82' lang='lat' dir='ltr'><strong>(Cramer</strong></span> <span class='ocrx_word' id='word_1_63' title='bbox 961 1280 1019 1336; x_wconf 90' lang='lat' dir='ltr'>An.</span> <span class='ocrx_word' id='word_1_64' title='bbox 1030 1281 1096 1335; x_wconf 87' lang='lat' dir='ltr'><strong>Par.</strong></span> <span class='ocrx_word' id='word_1_65' title='bbox 1105 1280 1150 1335; x_wconf 92' lang='lat' dir='ltr'>III</span> <span class='ocrx_word' id='word_1_66' title='bbox 1161 1296 1189 1350; x_wconf 93' lang='lat' dir='ltr'>p.</span> <span class='ocrx_word' id='word_1_67' title='bbox 1201 1280 1316 1348; x_wconf 89' lang='grc'><strong>115,15)</strong></span> 
     </span>
     <span class='ocr_line' id='line_1_10' title="bbox 138 1368 1318 1437; baseline 0.002 -16"><span class='ocrx_word' id='word_1_68' title='bbox 138 1369 183 1421; x_wconf 90' lang='grc' dir='ltr'>ότι</span> <span class='ocrx_word' id='word_1_69' title='bbox 218 1368 275 1421; x_wconf 88' lang='grc' dir='ltr'>ύπό</span> <span class='ocrx_word' id='word_1_70' title='bbox 304 1369 494 1435; x_wconf 79' lang='grc' dir='ltr'>Μυρμιδόνων</span> <span class='ocrx_word' id='word_1_71' title='bbox 531 1369 635 1435; x_wconf 79' lang='grc' dir='ltr'>ἐκλήθη</span> <span class='ocrx_word' id='word_1_72' title='bbox 669 1370 816 1437; x_wconf 86' lang='grc' dir='ltr'>Ἀχιλλεύς,</span> <span class='ocrx_word' id='word_1_73' title='bbox 857 1372 951 1435; x_wconf 85' lang='grc' dir='ltr'>καθὼς</span> <span class='ocrx_word' id='word_1_74' title='bbox 985 1369 1133 1437; x_wconf 82' lang='grc' dir='ltr'>Εὐφορίων</span> <span class='ocrx_word' id='word_1_75' title='bbox 1166 1371 1251 1435; x_wconf 85' lang='grc' dir='ltr'>λέγει·</span> <span class='ocrx_word' id='word_1_76' title='bbox 1279 1370 1318 1434; x_wconf 71' lang='grc' dir='ltr'>’ές</span> 
     </span>
     <span class='ocr_line' id='line_1_11' title="bbox 139 1456 1316 1528; baseline 0.001 -17"><span class='ocrx_word' id='word_1_77' title='bbox 139 1456 242 1523; x_wconf 64' lang='grc' dir='ltr'>Φθίην</span> <span class='ocrx_word' id='word_1_78' title='bbox 264 1460 321 1511; x_wconf 91' lang='grc' dir='ltr'>κτλ.</span> <span class='ocrx_word' id='word_1_79' title='bbox 365 1457 494 1512; x_wconf 87' lang='lat' dir='ltr'><strong>Eosdem</strong></span> <span class='ocrx_word' id='word_1_80' title='bbox 515 1474 619 1514; x_wconf 89' lang='lat' dir='ltr'><strong>versus</strong></span> <span class='ocrx_word' id='word_1_81' title='bbox 643 1459 672 1527; x_wconf 89' lang='lat' dir='ltr'>(e</span> <span class='ocrx_word' id='word_1_82' title='bbox 691 1459 811 1513; x_wconf 83' lang='lat' dir='ltr'><strong>scholiis</strong></span> <span class='ocrx_word' id='word_1_83' title='bbox 829 1459 1009 1528; x_wconf 83' lang='lat' dir='ltr'><strong>Homericis)</strong></span> <span class='ocrx_word' id='word_1_84' title='bbox 1028 1461 1162 1514; x_wconf 82' lang='lat' dir='ltr'><strong>afferunt</strong></span> <span class='ocrx_word' id='word_1_85' title='bbox 1180 1458 1316 1513; x_wconf 81' lang='lat' dir='ltr'><strong>Eustahh.</strong></span> 
     </span>
     <span class='ocr_line' id='line_1_12' title="bbox 138 1546 1219 1627; baseline 0.002 -27"><span class='ocrx_word' id='word_1_86' title='bbox 138 1564 167 1618; x_wconf 90' lang='lat' dir='ltr'>p.</span> <span class='ocrx_word' id='word_1_87' title='bbox 183 1546 254 1615; x_wconf 85' lang='grc'><strong>15,9</strong></span> <span class='ocrx_word' id='word_1_88' title='bbox 274 1556 303 1602; x_wconf 81' lang='lat' dir='ltr'>ei</span> <span class='ocrx_word' id='word_1_89' title='bbox 322 1547 446 1603; x_wconf 77' lang='lat' dir='ltr'><strong>&#39;I&#39;zetaes</strong></span> <span class='ocrx_word' id='word_1_90' title='bbox 465 1548 560 1618; x_wconf 84' lang='lat' dir='ltr'><strong>Exeg·</strong></span> <span class='ocrx_word' id='word_1_91' title='bbox 580 1549 666 1602; x_wconf 86' lang='lat' dir='ltr'><strong>Hom.</strong></span> <span class='ocrx_word' id='word_1_92' title='bbox 684 1548 769 1602; x_wconf 85' lang='lat' dir='ltr'><strong>Iliad.</strong></span> <span class='ocrx_word' id='word_1_93' title='bbox 789 1565 817 1618; x_wconf 91' lang='lat' dir='ltr'>p.</span> <span class='ocrx_word' id='word_1_94' title='bbox 827 1549 892 1627; x_wconf 19' lang='lat'><strong>¹782,</strong></span> <span class='ocrx_word' id='word_1_95' title='bbox 903 1550 935 1602; x_wconf 77' lang='lat'>21</span> <span class='ocrx_word' id='word_1_96' title='bbox 951 1565 1014 1619; x_wconf 85' lang='lat' dir='ltr'><strong>sqq.</strong></span> <span class='ocrx_word' id='word_1_97' title='bbox 1035 1548 1219 1603; x_wconf 85' lang='lat' dir='ltr'><strong>Bachmann.</strong></span> 
     </span>
    </p>

    <p class='ocr_par' dir='ltr' id='par_1_6' title="bbox 138 1637 1316 1798">
     <span class='ocr_line' id='line_1_13' title="bbox 251 1637 1316 1704; baseline 0.002 -15"><span class='ocrx_word' id='word_1_98' title='bbox 251 1637 275 1690; x_wconf 92' lang='lat' dir='ltr'>l.</span> <span class='ocrx_word' id='word_1_99' title='bbox 296 1637 418 1703; x_wconf 84' lang='grc' dir='ltr'>άχειλοῑο</span> <span class='ocrx_word' id='word_1_100' title='bbox 446 1639 542 1704; x_wconf 82' lang='grc' dir='ltr'>κοτήίε</span> <span class='ocrx_word' id='word_1_101' title='bbox 571 1639 731 1703; x_wconf 70' lang='lat' dir='ltr'><strong>panacis,</strong></span> <span class='ocrx_word' id='word_1_102' title='bbox 761 1643 839 1704; x_wconf 87' lang='grc' dir='ltr'>χιλοθ</span> <span class='ocrx_word' id='word_1_103' title='bbox 870 1639 951 1692; x_wconf 85' lang='lat' dir='ltr'><strong>Eust.</strong></span> <span class='ocrx_word' id='word_1_104' title='bbox 971 1669 1005 1678; x_wconf 93' lang='lat'><em>-</em></span> <span class='ocrx_word' id='word_1_105' title='bbox 1025 1640 1162 1704; x_wconf 81' lang='grc' dir='ltr'>ἄγευστος</span> <span class='ocrx_word' id='word_1_106' title='bbox 1181 1638 1263 1693; x_wconf 87' lang='lat' dir='ltr'><strong>Eust.</strong></span> <span class='ocrx_word' id='word_1_107' title='bbox 1283 1667 1316 1676; x_wconf 93' lang='lat'>—</span> 
     </span>
     <span class='ocr_line' id='line_1_14' title="bbox 138 1725 1316 1798; baseline 0.001 -19"><span class='ocrx_word' id='word_1_108' title='bbox 138 1725 412 1792; x_wconf 63' lang='grc' dir='ltr'>Μυρμιδόνεσσιν</span> <span class='ocrx_word' id='word_1_109' title='bbox 437 1727 503 1795; x_wconf 91' lang='lat' dir='ltr'><strong>(om.</strong></span> <span class='ocrx_word' id='word_1_110' title='bbox 526 1728 582 1796; x_wconf 88' lang='grc' dir='ltr'>μιν)</span> <span class='ocrx_word' id='word_1_111' title='bbox 601 1728 669 1781; x_wconf 84' lang='lat' dir='ltr'><strong>Par.</strong></span> <span class='ocrx_word' id='word_1_112' title='bbox 683 1727 761 1782; x_wconf 78' lang='grc'><strong>2556.</strong></span> <span class='ocrx_word' id='word_1_113' title='bbox 786 1758 820 1765; x_wconf 89' lang='lat'><em>-</em></span> <span class='ocrx_word' id='word_1_114' title='bbox 845 1728 969 1794; x_wconf 86' lang='grc' dir='ltr'>Ἀχιλλέα</span> <span class='ocrx_word' id='word_1_115' title='bbox 987 1727 1068 1782; x_wconf 84' lang='lat' dir='ltr'><strong>Eust.</strong></span> <span class='ocrx_word' id='word_1_116' title='bbox 1090 1757 1127 1797; x_wconf 40' lang='lat'>¹-</span> <span class='ocrx_word' id='word_1_117' title='bbox 1153 1727 1316 1798; x_wconf 82' lang='lat' dir='ltr'><strong>„Apertum</strong></span> 
     </span>
    </p>
   </div>
   <div class='ocr_carea' id='block_1_5' title="bbox 136 1815 1317 1962">
    <p class='ocr_par' dir='ltr' id='par_1_7' title="bbox 136 1815 1317 1962">
     <span class='ocr_line' id='line_1_15' title="bbox 138 1815 1317 1887; baseline 0 -16"><span class='ocrx_word' id='word_1_118' title='bbox 138 1821 184 1871; x_wconf 79' lang='lat' dir='ltr'><strong>est</strong></span> <span class='ocrx_word' id='word_1_119' title='bbox 213 1816 271 1870; x_wconf 93' lang='lat' dir='ltr'>hoc</span> <span class='ocrx_word' id='word_1_120' title='bbox 300 1815 338 1870; x_wconf 84' lang='lat' dir='ltr'>de</span> <span class='ocrx_word' id='word_1_121' title='bbox 366 1816 481 1871; x_wconf 81' lang='lat' dir='ltr'><strong>Achille</strong></span> <span class='ocrx_word' id='word_1_122' title='bbox 513 1817 572 1871; x_wconf 90' lang='lat' dir='ltr'><strong>dici</strong></span> <span class='ocrx_word' id='word_1_123' title='bbox 600 1832 639 1871; x_wconf 87' lang='lat' dir='ltr'>cx</span> <span class='ocrx_word' id='word_1_124' title='bbox 658 1815 796 1872; x_wconf 87' lang='lat' dir='ltr'><strong>Chironis</strong></span> <span class='ocrx_word' id='word_1_125' title='bbox 825 1815 983 1887; x_wconf 84' lang='lat' dir='ltr'><strong>disciplina</strong></span> <span class='ocrx_word' id='word_1_126' title='bbox 1012 1816 1052 1870; x_wconf 88' lang='lat' dir='ltr'>ad</span> <span class='ocrx_word' id='word_1_127' title='bbox 1080 1817 1194 1887; x_wconf 82' lang='lat' dir='ltr'><strong>patrios</strong></span> <span class='ocrx_word' id='word_1_128' title='bbox 1223 1815 1317 1871; x_wconf 84' lang='lat' dir='ltr'><strong>Lares</strong></span> 
     </span>
     <span class='ocr_line' id='line_1_16' title="bbox 136 1905 523 1962; baseline 0.003 -3"><span class='ocrx_word' id='word_1_129' title='bbox 136 1905 337 1961; x_wconf 78' lang='lat' dir='ltr'><strong>revertente.“</strong></span> <span class='ocrx_word' id='word_1_130' title='bbox 376 1905 523 1962; x_wconf 80' lang='lat' dir='ltr'><strong>Meinoke.</strong></span> 
     </span>
    </p>
   </div>
   <div class='ocr_carea' id='block_1_6' title="bbox 555 2057 830 2186">
    <p class='ocr_par' dir='ltr' id='par_1_8' title="bbox 555 2057 830 2186">
     <span class='ocr_line' id='line_1_17' title="bbox 555 2057 830 2186; baseline -0.007 -15"><span class='ocrx_word' id='word_1_131' title='bbox 555 2154 557 2159; x_wconf 88' lang='lat'><em>.</em></span> <span class='ocrx_word' id='word_1_132' title='bbox 654 2105 697 2171; x_wconf 85' lang='lat' dir='ltr'><strong>os</strong></span> <span class='ocrx_word' id='word_1_133' title='bbox 723 2057 830 2186; x_wconf 70' lang='grc' dir='ltr'>(ω).</span> 
     </span>
    </p>
   </div>
   <div class='ocr_carea' id='block_1_7' title="bbox 292 2248 1164 2544">
    <p class='ocr_par' dir='ltr' id='par_1_9' title="bbox 292 2248 1164 2544">
     <span class='ocr_line' id='line_1_18' title="bbox 292 2248 1115 2332; baseline -0.004 -18"><span class='ocrx_word' id='word_1_134' title='bbox 292 2251 312 2329; x_wconf 91' lang='grc' dir='ltr'>ή</span> <span class='ocrx_word' id='word_1_135' title='bbox 336 2250 366 2314; x_wconf 86' lang='grc' dir='ltr'>οἱ</span> <span class='ocrx_word' id='word_1_136' title='bbox 390 2249 554 2315; x_wconf 93' lang='grc' dir='ltr'>Μούνιτον</span> <span class='ocrx_word' id='word_1_137' title='bbox 578 2248 631 2313; x_wconf 88' lang='grc' dir='ltr'>υῖα</span> <span class='ocrx_word' id='word_1_138' title='bbox 654 2249 724 2313; x_wconf 87' lang='grc' dir='ltr'>τέκε</span> <span class='ocrx_word' id='word_1_139' title='bbox 749 2249 902 2332; x_wconf 87' lang='grc' dir='ltr'>πλομένιμ</span> <span class='ocrx_word' id='word_1_140' title='bbox 925 2248 972 2313; x_wconf 86' lang='grc' dir='ltr'>ἐνὶ</span> <span class='ocrx_word' id='word_1_141' title='bbox 996 2250 1082 2332; x_wconf 85' lang='grc' dir='ltr'>ιίιριμ,</span> <span class='ocrx_word' id='word_1_142' title='bbox 1111 2255 1115 2264; x_wconf 88' lang='grc'><strong>“</strong></span> 
     </span>
     <span class='ocr_line' id='line_1_19' title="bbox 293 2353 1132 2441; baseline -0.005 -19"><span class='ocrx_word' id='word_1_143' title='bbox 293 2357 375 2422; x_wconf 87' lang='grc' dir='ltr'>ἀλλά</span> <span class='ocrx_word' id='word_1_144' title='bbox 399 2358 414 2421; x_wconf 89' lang='grc' dir='ltr'>ἑ</span> <span class='ocrx_word' id='word_1_145' title='bbox 438 2357 564 2441; x_wconf 79' lang='grc' dir='ltr'>(ιθονίῃ</span> <span class='ocrx_word' id='word_1_146' title='bbox 588 2357 697 2421; x_wconf 88' lang='grc' dir='ltr'>τεκαὶ</span> <span class='ocrx_word' id='word_1_147' title='bbox 721 2357 756 2419; x_wconf 89' lang='grc' dir='ltr'>έν</span> <span class='ocrx_word' id='word_1_148' title='bbox 780 2359 950 2435; x_wconf 90' lang='grc' dir='ltr'>κνημοῖσιν</span> <span class='ocrx_word' id='word_1_149' title='bbox 974 2353 1132 2420; x_wconf 87' lang='grc' dir='ltr'>Ὀλύνθου</span> 
     </span>
     <span class='ocr_line' id='line_1_20' title="bbox 292 2460 1164 2544; baseline -0.003 -15"><span class='ocrx_word' id='word_1_150' title='bbox 292 2462 498 2544; x_wconf 78' lang='grc' dir='ltr'>άγρώσσονθ</span> <span class='ocrx_word' id='word_1_151' title='bbox 523 2463 587 2542; x_wconf 84' lang='grc' dir='ltr'>ἅμα</span> <span class='ocrx_word' id='word_1_152' title='bbox 611 2463 705 2543; x_wconf 85' lang='grc' dir='ltr'>πατρὶ</span> <span class='ocrx_word' id='word_1_153' title='bbox 730 2463 890 2543; x_wconf 87' lang='grc' dir='ltr'>πελώριος</span> <span class='ocrx_word' id='word_1_154' title='bbox 907 2461 1038 2527; x_wconf 81' lang='grc' dir='ltr'>ἔκτανεν</span> <span class='ocrx_word' id='word_1_155' title='bbox 1054 2460 1164 2541; x_wconf 90' lang='grc' dir='ltr'>ὕδρος.</span> 
     </span>
    </p>
   </div>
   <div class='ocr_carea' id='block_1_8' title="bbox 136 2603 1345 4287">
    <p class='ocr_par' dir='ltr' id='par_1_10' title="bbox 136 2603 1345 3548">
     <span class='ocr_line' id='line_1_21' title="bbox 247 2603 1315 2692; baseline -0.003 -19"><span class='ocrx_word' id='word_1_156' title='bbox 247 2608 356 2674; x_wconf 89' lang='lat' dir='ltr'><strong>Schol.</strong></span> <span class='ocrx_word' id='word_1_157' title='bbox 385 2607 549 2692; x_wconf 82' lang='lat' dir='ltr'><strong>Lycophr.</strong></span> <span class='ocrx_word' id='word_1_158' title='bbox 579 2607 715 2689; x_wconf 79' lang='lat' dir='ltr'><strong>(Tacta.)</strong></span> <span class='ocrx_word' id='word_1_159' title='bbox 744 2606 810 2671; x_wconf 84' lang='grc'>495</span> <span class='ocrx_word' id='word_1_160' title='bbox 847 2606 1013 2684; x_wconf 86' lang='grc' dir='ltr'>Διομήδης</span> <span class='ocrx_word' id='word_1_161' title='bbox 1047 2606 1097 2668; x_wconf 90' lang='grc' dir='ltr'>καὶ</span> <span class='ocrx_word' id='word_1_162' title='bbox 1131 2603 1267 2684; x_wconf 86' lang='grc' dir='ltr'>Ἀκάμας</span> <span class='ocrx_word' id='word_1_163' title='bbox 1296 2606 1315 2670; x_wconf 91' lang='grc' dir='ltr'>δ</span> 
     </span>
     <span class='ocr_line' id='line_1_22' title="bbox 137 2711 1315 2801; baseline -0.003 -19"><span class='ocrx_word' id='word_1_164' title='bbox 137 2717 277 2795; x_wconf 86' lang='grc' dir='ltr'>θησέως</span> <span class='ocrx_word' id='word_1_165' title='bbox 301 2715 371 2793; x_wconf 88' lang='grc' dir='ltr'>υἱὸς</span> <span class='ocrx_word' id='word_1_166' title='bbox 395 2716 459 2793; x_wconf 90' lang='grc' dir='ltr'>πρὸ</span> <span class='ocrx_word' id='word_1_167' title='bbox 482 2718 540 2778; x_wconf 84' lang='grc' dir='ltr'>τοῦ</span> <span class='ocrx_word' id='word_1_168' title='bbox 566 2717 786 2801; x_wconf 87' lang='grc' dir='ltr'>ναυστολῆσαι</span> <span class='ocrx_word' id='word_1_169' title='bbox 810 2714 886 2790; x_wconf 88' lang='grc' dir='ltr'>τοὺς</span> <span class='ocrx_word' id='word_1_170' title='bbox 909 2711 1069 2790; x_wconf 84' lang='grc' dir='ltr'>Ἕλληνας</span> <span class='ocrx_word' id='word_1_171' title='bbox 1093 2711 1315 2791; x_wconf 82' lang='grc' dir='ltr'>ἐπρέσβευσαν</span> 
     </span>
     <span class='ocr_line' id='line_1_23' title="bbox 136 2819 1315 2903; baseline -0.003 -15"><span class='ocrx_word' id='word_1_172' title='bbox 136 2825 223 2903; x_wconf 91' lang='grc' dir='ltr'>πρὸς</span> <span class='ocrx_word' id='word_1_173' title='bbox 247 2823 324 2900; x_wconf 87' lang='grc' dir='ltr'>τοὺς</span> <span class='ocrx_word' id='word_1_174' title='bbox 349 2822 462 2901; x_wconf 84' lang='grc' dir='ltr'>Τρῶας</span> <span class='ocrx_word' id='word_1_175' title='bbox 488 2822 540 2885; x_wconf 91' lang='grc' dir='ltr'>διά</span> <span class='ocrx_word' id='word_1_176' title='bbox 563 2822 622 2899; x_wconf 87' lang='grc' dir='ltr'>τήν</span> <span class='ocrx_word' id='word_1_177' title='bbox 638 2819 781 2899; x_wconf 81' lang='grc' dir='ltr'>Ἑλένην.</span> <span class='ocrx_word' id='word_1_178' title='bbox 806 2822 856 2885; x_wconf 86' lang='grc' dir='ltr'>καὶ</span> <span class='ocrx_word' id='word_1_179' title='bbox 873 2820 992 2899; x_wconf 89' lang='grc' dir='ltr'>συνέβη</span> <span class='ocrx_word' id='word_1_180' title='bbox 1010 2819 1147 2902; x_wconf 87' lang='grc' dir='ltr'>Λαοδίκῃ</span> <span class='ocrx_word' id='word_1_181' title='bbox 1163 2824 1201 2903; x_wconf 80' lang='grc' dir='ltr'>τῇ</span> <span class='ocrx_word' id='word_1_182' title='bbox 1217 2819 1315 2898; x_wconf 88' lang='grc' dir='ltr'>Πριά-</span> 
     </span>
     <span class='ocr_line' id='line_1_24' title="bbox 137 2922 1310 3011; baseline -0.005 -15"><span class='ocrx_word' id='word_1_183' title='bbox 137 2951 200 3011; x_wconf 91' lang='grc' dir='ltr'>μου</span> <span class='ocrx_word' id='word_1_184' title='bbox 226 2933 353 3009; x_wconf 89' lang='grc' dir='ltr'>μιγήναι</span> <span class='ocrx_word' id='word_1_185' title='bbox 376 2928 554 3008; x_wconf 90' lang='grc' dir='ltr'>Ἀκάμαντα</span> <span class='ocrx_word' id='word_1_186' title='bbox 584 2931 635 2993; x_wconf 89' lang='grc' dir='ltr'>καὶ</span> <span class='ocrx_word' id='word_1_187' title='bbox 666 2922 769 2993; x_wconf 84' lang='grc' dir='ltr'>τεκεῖν</span> <span class='ocrx_word' id='word_1_188' title='bbox 793 2929 865 2993; x_wconf 84' lang='grc' dir='ltr'>υἱὸν</span> <span class='ocrx_word' id='word_1_189' title='bbox 890 2927 1053 2992; x_wconf 93' lang='grc' dir='ltr'>Μούνιτον</span> <span class='ocrx_word' id='word_1_190' title='bbox 1081 2927 1248 3005; x_wconf 90' lang='grc' dir='ltr'>κληθέντα.</span> <span class='ocrx_word' id='word_1_191' title='bbox 1277 2965 1310 2973; x_wconf 91' lang='grc'><strong>-</strong></span> 
     </span>
     <span class='ocr_line' id='line_1_25' title="bbox 137 3031 1315 3126; baseline -0.002 -24"><span class='ocrx_word' id='word_1_192' title='bbox 137 3037 299 3115; x_wconf 86' lang='grc' dir='ltr'>Ἁλούσης</span> <span class='ocrx_word' id='word_1_193' title='bbox 324 3038 359 3102; x_wconf 84' lang='grc' dir='ltr'>δὲ</span> <span class='ocrx_word' id='word_1_194' title='bbox 381 3041 437 3115; x_wconf 89' lang='grc' dir='ltr'>τῆς</span> <span class='ocrx_word' id='word_1_195' title='bbox 462 3036 579 3116; x_wconf 86' lang='grc' dir='ltr'>Τροίας</span> <span class='ocrx_word' id='word_1_196' title='bbox 603 3035 885 3126; x_wconf 85' lang='grc' dir='ltr'>άναγνωρισθεῖσα</span> <span class='ocrx_word' id='word_1_197' title='bbox 909 3037 966 3114; x_wconf 88' lang='lat' dir='ltr'><strong>(sc.</strong></span> <span class='ocrx_word' id='word_1_198' title='bbox 990 3032 1137 3114; x_wconf 84' lang='grc' dir='ltr'>ἡΑἴθρα)</span> <span class='ocrx_word' id='word_1_199' title='bbox 1161 3039 1206 3118; x_wconf 84' lang='grc' dir='ltr'>τῷ</span> <span class='ocrx_word' id='word_1_200' title='bbox 1227 3031 1315 3100; x_wconf 89' lang='grc' dir='ltr'>Ἀκά-</span> 
     </span>
     <span class='ocr_line' id='line_1_26' title="bbox 137 3141 1315 3228; baseline -0.003 -18"><span class='ocrx_word' id='word_1_201' title='bbox 137 3166 232 3225; x_wconf 87' lang='grc' dir='ltr'>μαντι</span> <span class='ocrx_word' id='word_1_202' title='bbox 255 3143 359 3228; x_wconf 81' lang='grc' dir='ltr'>άπῇρε</span> <span class='ocrx_word' id='word_1_203' title='bbox 383 3144 448 3223; x_wconf 87' lang='grc' dir='ltr'>μετ’</span> <span class='ocrx_word' id='word_1_204' title='bbox 473 3143 573 3208; x_wconf 84' lang='grc' dir='ltr'>αὐτοῦ</span> <span class='ocrx_word' id='word_1_205' title='bbox 597 3145 774 3224; x_wconf 84' lang='grc' dir='ltr'>κομίζουσα</span> <span class='ocrx_word' id='word_1_206' title='bbox 790 3145 840 3207; x_wconf 90' lang='grc' dir='ltr'>καὶ</span> <span class='ocrx_word' id='word_1_207' title='bbox 857 3144 914 3206; x_wconf 93' lang='grc' dir='ltr'>τὸν</span> <span class='ocrx_word' id='word_1_208' title='bbox 933 3141 1106 3206; x_wconf 88' lang='grc' dir='ltr'>Μούνιτον.</span> <span class='ocrx_word' id='word_1_209' title='bbox 1138 3161 1315 3220; x_wconf 83' lang='grc' dir='ltr'>παραγενο</span> 
     </span>
     <span class='ocr_line' id='line_1_27' title="bbox 138 3247 1314 3339; baseline -0.001 -23"><span class='ocrx_word' id='word_1_210' title='bbox 138 3253 246 3339; x_wconf 87' lang='grc' dir='ltr'>μένων</span> <span class='ocrx_word' id='word_1_211' title='bbox 271 3253 306 3316; x_wconf 82' lang='grc' dir='ltr'>δὲ</span> <span class='ocrx_word' id='word_1_212' title='bbox 330 3252 438 3316; x_wconf 84' lang='grc' dir='ltr'>αὐτῶν</span> <span class='ocrx_word' id='word_1_213' title='bbox 461 3251 505 3329; x_wconf 89' lang='grc' dir='ltr'>είς</span> <span class='ocrx_word' id='word_1_214' title='bbox 527 3252 657 3334; x_wconf 86' lang='grc' dir='ltr'>Θρᾴκην</span> <span class='ocrx_word' id='word_1_215' title='bbox 681 3253 731 3315; x_wconf 88' lang='grc' dir='ltr'>καὶ</span> <span class='ocrx_word' id='word_1_216' title='bbox 756 3251 952 3317; x_wconf 79' lang='grc' dir='ltr'>ἐξελθόντων</span> <span class='ocrx_word' id='word_1_217' title='bbox 976 3250 1012 3314; x_wconf 82' lang='grc' dir='ltr'>ἐν</span> <span class='ocrx_word' id='word_1_218' title='bbox 1035 3250 1214 3333; x_wconf 87' lang='grc' dir='ltr'>κυνηγεσίῳ</span> <span class='ocrx_word' id='word_1_219' title='bbox 1238 3247 1314 3330; x_wconf 89' lang='grc' dir='ltr'>όφις</span> 
     </span>
     <span class='ocr_line' id='line_1_28' title="bbox 137 3352 1345 3439; baseline -0.002 -16"><span class='ocrx_word' id='word_1_220' title='bbox 137 3361 197 3425; x_wconf 92' lang='grc' dir='ltr'>τόν</span> <span class='ocrx_word' id='word_1_221' title='bbox 223 3358 387 3424; x_wconf 92' lang='grc' dir='ltr'>Μούνιτον</span> <span class='ocrx_word' id='word_1_222' title='bbox 411 3358 533 3438; x_wconf 82' lang='grc' dir='ltr'>ἔτρωσε</span> <span class='ocrx_word' id='word_1_223' title='bbox 556 3360 607 3423; x_wconf 88' lang='grc' dir='ltr'>καὶ</span> <span class='ocrx_word' id='word_1_224' title='bbox 631 3357 737 3436; x_wconf 85' lang='grc' dir='ltr'>οὕτως</span> <span class='ocrx_word' id='word_1_225' title='bbox 766 3357 985 3439; x_wconf 82' lang='grc' dir='ltr'>ἐτελεύτησεν,</span> <span class='ocrx_word' id='word_1_226' title='bbox 1016 3356 1061 3433; x_wconf 89' lang='grc' dir='ltr'>ὥς</span> <span class='ocrx_word' id='word_1_227' title='bbox 1085 3370 1188 3437; x_wconf 91' lang='grc' dir='ltr'>φησιν</span> <span class='ocrx_word' id='word_1_228' title='bbox 1212 3355 1315 3437; x_wconf 83' lang='grc' dir='ltr'>Εύφο·</span> <span class='ocrx_word' id='word_1_229' title='bbox 1343 3352 1345 3355; x_wconf 70' lang='grc'><strong>’</strong></span> 
     </span>
     <span class='ocr_line' id='line_1_29' title="bbox 138 3464 611 3548; baseline -0.006 -17"><span class='ocrx_word' id='word_1_230' title='bbox 138 3465 270 3548; x_wconf 49' lang='grc' dir='ltr'>ρίωνῇή</span> <span class='ocrx_word' id='word_1_231' title='bbox 294 3466 324 3529; x_wconf 87' lang='grc' dir='ltr'>οἱ</span> <span class='ocrx_word' id='word_1_232' title='bbox 349 3464 522 3530; x_wconf 69' lang='grc' dir='ltr'>Μούνιτον</span> <span class='ocrx_word' id='word_1_233' title='bbox 545 3469 611 3529; x_wconf 87' lang='grc' dir='ltr'>κτλ.</span> 
     </span>
    </p>

    <p class='ocr_par' dir='ltr' id='par_1_11' title="bbox 138 3572 1315 4287">
     <span class='ocr_line' id='line_1_30' title="bbox 249 3572 1315 3656; baseline -0.001 -15"><span class='ocrx_word' id='word_1_234' title='bbox 249 3590 272 3642; x_wconf 92' lang='lat' dir='ltr'>l.</span> <span class='ocrx_word' id='word_1_235' title='bbox 292 3589 355 3643; x_wconf 87' lang='grc' dir='ltr'>τέκε</span> <span class='ocrx_word' id='word_1_236' title='bbox 371 3604 427 3643; x_wconf 91' lang='lat' dir='ltr'>om.</span> <span class='ocrx_word' id='word_1_237' title='bbox 441 3585 468 3642; x_wconf 80' lang='lat' dir='ltr'>s3</span> <span class='ocrx_word' id='word_1_238' title='bbox 484 3618 513 3627; x_wconf 89' lang='lat'>-</span> <span class='ocrx_word' id='word_1_239' title='bbox 529 3589 661 3656; x_wconf 88' lang='grc' dir='ltr'>πλωμένη</span> <span class='ocrx_word' id='word_1_240' title='bbox 676 3586 703 3642; x_wconf 81' lang='lat' dir='ltr'><strong>s³</strong></span> <span class='ocrx_word' id='word_1_241' title='bbox 714 3619 745 3627; x_wconf 90' lang='lat'>—</span> <span class='ocrx_word' id='word_1_242' title='bbox 758 3591 817 3656; x_wconf 87' lang='grc' dir='ltr'>ύίρη</span> <span class='ocrx_word' id='word_1_243' title='bbox 829 3585 864 3656; x_wconf 79' lang='lat' dir='ltr'><strong>s³,</strong></span> <span class='ocrx_word' id='word_1_244' title='bbox 878 3572 945 3656; x_wconf 73' lang='grc' dir='ltr'>ιύρηί</span> <span class='ocrx_word' id='word_1_245' title='bbox 959 3585 993 3642; x_wconf 78' lang='lat' dir='ltr'><strong>s4.</strong></span> <span class='ocrx_word' id='word_1_246' title='bbox 1005 3616 1037 3625; x_wconf 93' lang='lat'>-</span> <span class='ocrx_word' id='word_1_247' title='bbox 1048 3586 1073 3640; x_wconf 80' lang='lat'>2.</span> <span class='ocrx_word' id='word_1_248' title='bbox 1088 3587 1224 3653; x_wconf 84' lang='grc' dir='ltr'>κνήμῃσιν</span> <span class='ocrx_word' id='word_1_249' title='bbox 1239 3584 1315 3654; x_wconf 86' lang='grc' dir='ltr'>οόό.,</span> 
     </span>
     <span class='ocr_line' id='line_1_31' title="bbox 140 3674 1314 3747; baseline -0.003 -15"><span class='ocrx_word' id='word_1_250' title='bbox 140 3685 289 3746; x_wconf 87' lang='grc' dir='ltr'>κνημοῖσιν</span> <span class='ocrx_word' id='word_1_251' title='bbox 319 3676 407 3732; x_wconf 80' lang='lat' dir='ltr'><strong>Malu.</strong></span> <span class='ocrx_word' id='word_1_252' title='bbox 429 3708 459 3716; x_wconf 91' lang='lat'>-</span> <span class='ocrx_word' id='word_1_253' title='bbox 481 3678 507 3732; x_wconf 87' lang='grc'>3.</span> <span class='ocrx_word' id='word_1_254' title='bbox 527 3680 597 3744; x_wconf 88' lang='grc' dir='ltr'>ύδρα</span> <span class='ocrx_word' id='word_1_255' title='bbox 621 3676 655 3732; x_wconf 76' lang='lat' dir='ltr'><strong>s4.</strong></span> <span class='ocrx_word' id='word_1_256' title='bbox 675 3708 708 3715; x_wconf 82' lang='lat'>-</span> <span class='ocrx_word' id='word_1_257' title='bbox 728 3677 815 3731; x_wconf 87' lang='lat' dir='ltr'><strong>Mein.</strong></span> <span class='ocrx_word' id='word_1_258' title='bbox 846 3678 911 3731; x_wconf 86' lang='lat' dir='ltr'><strong>cfrt.</strong></span> <span class='ocrx_word' id='word_1_259' title='bbox 941 3674 1314 3747; x_wconf 77' lang='grc' dir='ltr'>Αροίλ.1ῖλι.1688τελλο-</span> 
     </span>
     <span class='ocr_line' id='line_1_32' title="bbox 139 3764 1314 3836; baseline -0.004 -14"><span class='ocrx_word' id='word_1_260' title='bbox 139 3770 227 3834; x_wconf 89' lang='grc' dir='ltr'>μένου</span> <span class='ocrx_word' id='word_1_261' title='bbox 247 3769 325 3832; x_wconf 86' lang='grc' dir='ltr'>ἔτεος</span> <span class='ocrx_word' id='word_1_262' title='bbox 345 3770 376 3821; x_wconf 79' lang='lat' dir='ltr'>et</span> <span class='ocrx_word' id='word_1_263' title='bbox 395 3767 471 3820; x_wconf 85' lang='lat' dir='ltr'><strong>Plut.</strong></span> <span class='ocrx_word' id='word_1_264' title='bbox 492 3767 613 3831; x_wconf 79' lang='lat' dir='ltr'><strong>Quaesi.</strong></span> <span class='ocrx_word' id='word_1_265' title='bbox 628 3766 730 3836; x_wconf 83' lang='lat' dir='ltr'><strong>Symp.</strong></span> <span class='ocrx_word' id='word_1_266' title='bbox 743 3767 795 3820; x_wconf 77' lang='grc'>677</span> <span class='ocrx_word' id='word_1_267' title='bbox 811 3766 837 3819; x_wconf 90' lang='grc' dir='ltr'>Ι)</span> <span class='ocrx_word' id='word_1_268' title='bbox 851 3767 1036 3833; x_wconf 85' lang='grc' dir='ltr'>Ἀντίπατρος</span> <span class='ocrx_word' id='word_1_269' title='bbox 1055 3764 1109 3819; x_wconf 82' lang='grc' dir='ltr'>δ’ὁ</span> <span class='ocrx_word' id='word_1_270' title='bbox 1129 3766 1314 3832; x_wconf 74' lang='grc' dir='ltr'>έταῑροςέφη</span> 
     </span>
     <span class='ocr_line' id='line_1_33' title="bbox 138 3854 1315 3926; baseline -0.003 -14"><span class='ocrx_word' id='word_1_271' title='bbox 138 3859 206 3923; x_wconf 88' lang='grc' dir='ltr'>τούς</span> <span class='ocrx_word' id='word_1_272' title='bbox 240 3859 291 3922; x_wconf 87' lang='grc' dir='ltr'>μέν</span> <span class='ocrx_word' id='word_1_273' title='bbox 323 3858 469 3920; x_wconf 87' lang='grc' dir='ltr'>ἐνιαυτούς</span> <span class='ocrx_word' id='word_1_274' title='bbox 506 3857 646 3923; x_wconf 80' lang='grc' dir='ltr'>ἀρχαϊκῶς</span> <span class='ocrx_word' id='word_1_275' title='bbox 680 3858 773 3923; x_wconf 81' lang='grc' dir='ltr'>ὥρους</span> <span class='ocrx_word' id='word_1_276' title='bbox 807 3857 943 3921; x_wconf 90' lang='grc' dir='ltr'>λέγεσθαι.</span> <span class='ocrx_word' id='word_1_277' title='bbox 980 3855 1112 3924; x_wconf 51' lang='lat' dir='ltr'>‚Itaque</span> <span class='ocrx_word' id='word_1_278' title='bbox 1151 3854 1315 3926; x_wconf 85' lang='grc' dir='ltr'>ὡρογράφοι</span> 
     </span>
     <span class='ocr_line' id='line_1_34' title="bbox 138 3945 1314 4018; baseline -0.003 -13"><span class='ocrx_word' id='word_1_279' title='bbox 138 3954 211 4005; x_wconf 82' lang='lat' dir='ltr'><strong>sunt</strong></span> <span class='ocrx_word' id='word_1_280' title='bbox 248 3950 402 4002; x_wconf 82' lang='lat' dir='ltr'><strong>annalium</strong></span> <span class='ocrx_word' id='word_1_281' title='bbox 435 3950 603 4018; x_wconf 70' lang='lat' dir='ltr'><strong>scriptores</strong></span> <span class='ocrx_word' id='word_1_282' title='bbox 634 3950 686 4002; x_wconf 80' lang='lat' dir='ltr'><strong>cfr.</strong></span> <span class='ocrx_word' id='word_1_283' title='bbox 721 3947 826 4002; x_wconf 72' lang='grc' dir='ltr'>Μάλου</span> <span class='ocrx_word' id='word_1_284' title='bbox 854 3946 933 4002; x_wconf 84' lang='lat' dir='ltr'>FHG</span> <span class='ocrx_word' id='word_1_285' title='bbox 962 3948 1027 4018; x_wconf 91' lang='lat' dir='ltr'>lp.</span> <span class='ocrx_word' id='word_1_286' title='bbox 1046 3945 1152 4002; x_wconf 90' lang='lat' dir='ltr'>XVIII.</span> <span class='ocrx_word' id='word_1_287' title='bbox 1203 3946 1314 4001; x_wconf 85' lang='lat' dir='ltr'><strong>Vocem</strong></span> 
     </span>
     <span class='ocr_line' id='line_1_35' title="bbox 139 4035 1315 4108; baseline -0.006 -13"><span class='ocrx_word' id='word_1_288' title='bbox 139 4043 268 4095; x_wconf 80' lang='lat' dir='ltr'><strong>fortasse</strong></span> <span class='ocrx_word' id='word_1_289' title='bbox 294 4038 385 4092; x_wconf 84' lang='lat' dir='ltr'><strong>dehet</strong></span> <span class='ocrx_word' id='word_1_290' title='bbox 404 4037 434 4090; x_wconf 85' lang='lat' dir='ltr'>E.</span> <span class='ocrx_word' id='word_1_291' title='bbox 455 4037 641 4108; x_wconf 81' lang='lat' dir='ltr'><strong>Hippocrati,</strong></span> <span class='ocrx_word' id='word_1_292' title='bbox 671 4053 759 4107; x_wconf 89' lang='lat' dir='ltr'><strong>quem</strong></span> <span class='ocrx_word' id='word_1_293' title='bbox 786 4041 1005 4091; x_wconf 87' lang='lat' dir='ltr'><strong>commentatus</strong></span> <span class='ocrx_word' id='word_1_294' title='bbox 1031 4042 1083 4102; x_wconf 87' lang='lat' dir='ltr'><strong>cst,</strong></span> <span class='ocrx_word' id='word_1_295' title='bbox 1109 4036 1160 4090; x_wconf 85' lang='lat' dir='ltr'><strong>cfr.</strong></span> <span class='ocrx_word' id='word_1_296' title='bbox 1180 4035 1315 4089; x_wconf 77' lang='lat' dir='ltr'><strong>Erotion.</strong></span> 
     </span>
     <span class='ocr_line' id='line_1_36' title="bbox 139 4125 1314 4195; baseline -0.003 -12"><span class='ocrx_word' id='word_1_297' title='bbox 139 4145 162 4184; x_wconf 93' lang='lat' dir='ltr'><strong>s.</strong></span> <span class='ocrx_word' id='word_1_298' title='bbox 180 4146 209 4183; x_wconf 91' lang='lat' dir='ltr'>v.</span> <span class='ocrx_word' id='word_1_299' title='bbox 234 4129 370 4195; x_wconf 84' lang='grc' dir='ltr'>ιύρέοντα.</span> <span class='ocrx_word' id='word_1_300' title='bbox 396 4157 426 4164; x_wconf 92' lang='lat'>——</span> <span class='ocrx_word' id='word_1_301' title='bbox 452 4127 559 4180; x_wconf 84' lang='lat' dir='ltr'><strong>Muniti</strong></span> <span class='ocrx_word' id='word_1_302' title='bbox 594 4129 748 4182; x_wconf 84' lang='lat' dir='ltr'><strong>historiam</strong></span> <span class='ocrx_word' id='word_1_303' title='bbox 777 4128 883 4181; x_wconf 86' lang='lat' dir='ltr'><strong>eodem</strong></span> <span class='ocrx_word' id='word_1_304' title='bbox 917 4127 1006 4181; x_wconf 92' lang='lat' dir='ltr'><strong>modo</strong></span> <span class='ocrx_word' id='word_1_305' title='bbox 1040 4129 1132 4195; x_wconf 83' lang='lat' dir='ltr'><strong>etque</strong></span> <span class='ocrx_word' id='word_1_306' title='bbox 1160 4125 1314 4195; x_wconf 85' lang='lat' dir='ltr'><strong>Euphorio</strong></span> 
     </span>
     <span class='ocr_line' id='line_1_37' title="bbox 139 4215 1314 4287; baseline -0.003 -15"><span class='ocrx_word' id='word_1_307' title='bbox 139 4219 281 4272; x_wconf 83' lang='lat' dir='ltr'><strong>narravit</strong></span> <span class='ocrx_word' id='word_1_308' title='bbox 298 4217 493 4287; x_wconf 84' lang='lat' dir='ltr'><strong>Hegesippus</strong></span> <span class='ocrx_word' id='word_1_309' title='bbox 512 4217 543 4270; x_wconf 92' lang='lat' dir='ltr'>in</span> <span class='ocrx_word' id='word_1_310' title='bbox 562 4217 804 4271; x_wconf 86' lang='lat' dir='ltr'><strong>Palleniacorum</strong></span> <span class='ocrx_word' id='word_1_311' title='bbox 826 4217 922 4286; x_wconf 90' lang='lat' dir='ltr'><strong>primo</strong></span> <span class='ocrx_word' id='word_1_312' title='bbox 943 4231 990 4284; x_wconf 90' lang='lat' dir='ltr'>ap.</span> <span class='ocrx_word' id='word_1_313' title='bbox 1004 4215 1145 4270; x_wconf 84' lang='lat' dir='ltr'><strong>Parthen.</strong></span> <span class='ocrx_word' id='word_1_314' title='bbox 1164 4230 1243 4268; x_wconf 86' lang='lat' dir='ltr'><strong>narr.</strong></span> <span class='ocrx_word' id='word_1_315' title='bbox 1257 4230 1314 4268; x_wconf 84' lang='lat' dir='ltr'>am.</span> 
     </span>
    </p>
   </div>
   <div class='ocr_carea' id='block_1_9' title="bbox 140 4303 1313 4464">
    <p class='ocr_par' dir='ltr' id='par_1_12' title="bbox 140 4303 1313 4464">
     <span class='ocr_line' id='line_1_38' title="bbox 140 4303 1313 4375; baseline -0.004 -13"><span class='ocrx_word' id='word_1_316' title='bbox 140 4305 218 4362; x_wconf 88' lang='lat' dir='ltr'>XVI.</span> <span class='ocrx_word' id='word_1_317' title='bbox 252 4305 311 4360; x_wconf 85' lang='lat' dir='ltr'><strong>Cfr.</strong></span> <span class='ocrx_word' id='word_1_318' title='bbox 324 4307 415 4360; x_wconf 82' lang='lat' dir='ltr'><strong>eliam</strong></span> <span class='ocrx_word' id='word_1_319' title='bbox 428 4304 580 4375; x_wconf 80' lang='lat' dir='ltr'><strong>Lycophr.</strong></span> <span class='ocrx_word' id='word_1_320' title='bbox 599 4305 749 4372; x_wconf 67' lang='lat' dir='ltr'><strong>lec-503,</strong></span> <span class='ocrx_word' id='word_1_321' title='bbox 769 4305 906 4375; x_wconf 87' lang='lat' dir='ltr'><strong>inprimis</strong></span> <span class='ocrx_word' id='word_1_322' title='bbox 923 4304 977 4359; x_wconf 85' lang='grc'>498</span> <span class='ocrx_word' id='word_1_323' title='bbox 987 4319 1030 4374; x_wconf 89' lang='lat' dir='ltr'><strong>sq.</strong></span> <span class='ocrx_word' id='word_1_324' title='bbox 1054 4303 1198 4358; x_wconf 90' lang='grc' dir='ltr'>Μουνίτου</span> <span class='ocrx_word' id='word_1_325' title='bbox 1217 4304 1313 4368; x_wconf 83' lang='grc' dir='ltr'>τοκός·</span> 
     </span>
     <span class='ocr_line' id='line_1_39' title="bbox 142 4391 971 4464; baseline 0 -16"><span class='ocrx_word' id='word_1_326' title='bbox 142 4397 175 4449; x_wconf 88' lang='grc' dir='ltr'>δν</span> <span class='ocrx_word' id='word_1_327' title='bbox 193 4391 229 4464; x_wconf 92' lang='grc' dir='ltr'>δή</span> <span class='ocrx_word' id='word_1_328' title='bbox 249 4393 312 4448; x_wconf 80' lang='grc' dir='ltr'>ποτ’</span> <span class='ocrx_word' id='word_1_329' title='bbox 334 4396 520 4461; x_wconf 85' lang='grc' dir='ltr'>όγρώσσοντο</span> <span class='ocrx_word' id='word_1_330' title='bbox 540 4395 711 4461; x_wconf 89' lang='grc' dir='ltr'>Κρηστώνης</span> <span class='ocrx_word' id='word_1_331' title='bbox 730 4397 786 4460; x_wconf 85' lang='grc' dir='ltr'>ἔχις</span> <span class='ocrx_word' id='word_1_332' title='bbox 805 4400 895 4448; x_wconf 87' lang='grc' dir='ltr'>κτενεῖ</span> <span class='ocrx_word' id='word_1_333' title='bbox 914 4396 971 4448; x_wconf 91' lang='grc' dir='ltr'>κτλ.</span> 
     </span>
    </p>
   </div>
   <div class='ocr_carea' id='block_1_10' title="bbox 0 0 1457 4958">
    <p class='ocr_par' dir='ltr' id='par_1_13' title="bbox 0 0 1457 4958">
     <span class='ocr_line' id='line_1_40' title="bbox 0 0 1457 4958; baseline 0 0"><span class='ocrx_word' id='word_1_334' title='bbox 0 0 1457 4958; x_wconf 95' lang='lat' dir='ltr'> </span> 
     </span>
    </p>
   </div>
  </div>
 </body>
</html>
