2902 4958
637 242 811 300 ..γχμ

133 425 190 490 aaa
211 427 253 492 ’τύ
269 427 428 508 ἐπιτυχῶς
453 427 592 492 καινίσαι
613 428 650 491 τό
674 429 751 505 δόρυ
769 431 826 491 τοῦ
844 427 1014 507 Ἀχιλλέως
1030 426 1205 513 (Lycophr.
1224 428 1310 508 233).

134 536 188 599 roi
211 535 273 613 γὰρ
298 536 328 599 οἱ
351 535 522 615 μετόβολοι
546 535 794 615 εὐφημιζόμενοι
817 536 894 615 τοὺς
911 535 1061 614 πρώτους
1078 527 1205 616 ὠνητὰς
1222 536 1312 615 εὐόρ-

133 662 214 720 χους
232 645 377 707 καλοῦσι.
403 643 484 722 φασί
501 644 536 706 δέ
553 644 603 706 καὶ
619 644 766 720 ποταμόν
783 663 853 706 τινα
870 642 957 720 παρὰ
972 645 1031 720 τήν
1048 642 1196 721 (ινιίιπην
1214 643 1311 723 Εὐαρ·

136 770 198 828 χον
232 749 296 814 ὐπὸ
328 755 393 814 τῶν
429 749 652 829 Ἀργοναυτῶν
689 753 982 831 προσηγορεῦσθαι,
1016 748 1073 829 ἀφ’
1110 749 1149 814 οῦ
1182 754 1312 830 πρῶτον

135 857 240 941 ἔπιον,
266 858 311 935 ὥς
334 872 437 936 φησιν
462 857 634 937 Εὐφορίων
658 855 686 935 ‘ll
704 857 734 921 οἱ
758 860 792 921 Ε.
817 859 896 937 φέρε
920 858 1013 935 κλέος
1037 856 1068 920 ἀ.
1094 857 1129 936 ῥ’.

245 981 292 1047 ήοῑ
323 985 362 1052 οὐ,
381 966 532 1049 φερέκλεες
558 981 664 1035 Kaibel
692 981 791 1034 Herm.
816 981 851 1034 22
874 997 901 1051 p.
920 981 980 1035 508.
1030 981 1201 1035 Euarohunr
1235 987 1314 1036 tacet

135 1070 325 1141 Apolloniae,
355 1072 409 1126 sed
437 1069 571 1141 Sinopen
603 1070 790 1140 appellentes
819 1071 893 1125 lacit
921 1070 1118 1138 Argonautas
1147 1070 1175 1124 ΙΙ
1207 1072 1312 1141 θόόεηΙ

136 1160 232 1216 Notat
260 1159 348 1215 Mein.
377 1160 563 1216 Marcianum
595 1160 807 1214 Heracleotam
835 1161 968 1231 (epitom.
994 1161 1102 1230 poripli
1128 1159 1314 1229 Menippei9

136 1249 252 1319 Geogr.
277 1248 327 1304 Gr.
352 1248 387 1302 M.
407 1249 420 1302 1
440 1266 468 1319 p.
482 1250 545 1312 571)
577 1249 749 1302 Euarchum
778 1265 797 1302 a
823 1249 935 1318 Sinope
964 1251 1121 1319 octoginta
1149 1250 1314 1304 stadiorum

136 1338 301 1398 intervallo
322 1339 430 1393 abesse
450 1340 563 1393 testari.
601 1337 708 1407 ltaque
728 1337 887 1407 probabile
906 1353 972 1392 esse
992 1338 1074 1408 apud
1094 1338 1314 1408 Euphorionem

136 1428 176 1482 de
191 1427 251 1483 allo
267 1426 392 1483 flumine
412 1429 472 1497 agi,
493 1427 574 1502 quod
588 1425 790 1497 Argonautae
810 1428 882 1482 boni
905 1429 1012 1481 ominis
1030 1443 1123 1482 eausa
1144 1427 1314 1482 Euarchunr

137 1516 332 1589 appellarint.

655 1734 697 1823 ον
722 1733 802 1815 (53).

301 1841 532 1965 ontorlpour’
558 1877 888 1957 Ἀχιλῆοςάκούομεν
914 1878 1123 1960 Εὐρυλόχοιο,

301 1986 464 2066 Δελφίδες
488 1986 514 2070 ᾧ
538 1984 602 2049 ὕπο
625 1987 725 2050 καλὸν
748 1984 840 2063 ’λήϊον
864 1984 1066 2064 ἀντεβόησαν

307 2092 470 2176 <Κρῑσαν>
488 2093 700 2176 πορθήσαντι,
724 2093 891 2172 Λυκωρέος
917 2092 999 2157 οἰκία
1023 2094 1155 2174 Φοίβου.

251 2237 393 2322 Hypoth.
418 2237 512 2302 Pind.
543 2236 640 2322 Pyth.
664 2260 697 2322 p.
719 2238 832 2303 2983.
880 2238 1066 2318 Εὐρύλοχος
1096 2240 1114 2304 ὁ
1146 2242 1316 2320 θεσσαλὸς

138 2345 410 2425 καταπολεμήσας
441 2345 608 2424 Κιῤῥαίους
638 2344 838 2422 ἀνεκτήσατο
868 2347 926 2409 τὸν
954 2345 1065 2422 ἀγῶνα
1088 2351 1146 2425 τοῦ
1170 2353 1262 2414 θεοῦ·
1288 2349 1319 2412 οἱ

140 2454 177 2517 δὲ
195 2451 337 2544 Κιρραῖοι
354 2456 505 2536 λῃστρικῇ
522 2451 633 2536 ἐφόδῳ
650 2453 808 2531 χρώμενοι
823 2451 985 2532 ἐφόνευον
1000 2453 1079 2532 τοῦς
1095 2436 1318 2538 παραβάλλον-

141 2581 201 2640 τας
226 2559 270 2638 εἰς
296 2560 334 2623 τὰ
357 2562 415 2624 τοῦ
439 2563 514 2624 θεοῦ
540 2558 635 2637 ἄλση.
660 2561 861 2638 περιεγένετο
887 2561 922 2624 δὲ
946 2560 1053 2625 αὐτῶν
1083 2562 1134 2626 ἐπὶ
1159 2563 1318 2642 ἄρχοντος

143 2667 299 2745 Ἀθήνησι
329 2669 386 2747 μὲν
417 2667 602 2749 (ιμωνίόου,
631 2668 779 2746 Δελφοῖς
804 2668 839 2730 δὲ
865 2668 988 2732 Γυλίδα.
1012 2703 1054 2718 ·-
1079 2670 1138 2733 τὸν
1162 2672 1196 2733 δὲ
1221 2670 1320 2750 Εὐρύ-

142 2777 245 2852 λοχον
278 2774 354 2839 νέον
387 2773 524 2838 ἐκάλουν
549 2772 706 2854 Ἀχιλλέα,
741 2773 786 2852 ὡς
811 2772 984 2854 Εὐφορίων
1005 2774 1142 2855 ίστορεῦ
1176 2774 1318 2842 ‘liriort-

142 2879 212 2960 pou'
229 2885 295 2945 κτλ,
307 2919 339 2927 -
352 2881 397 2945 lb.
416 2901 446 2965 p.
460 2881 525 2946 299
543 2900 568 2945 s.
582 2880 606 2944 f.
624 2879 757 2965 hypoth.
783 2882 833 2944 καὶ
850 2881 898 2945 ότι
912 2880 1098 2965 Εὐρύλοχος
1115 2882 1317 2962 ὁθεσσαλός

143 2990 223 3067 τοὺς
242 2988 409 3067 Κιρραίους
434 2988 606 3068 ἐπόρθησε,
632 2992 785 3067 μαρτυρεῖ
808 2990 857 3052 καὶ
880 2988 1054 3068 Εὐφορίων
1069 2988 1258 3069 <όπλοτέρου
1275 3028 1318 3038 -

143 3094 363 3175 Εὐρυλόχοιο.

252 3219 277 3272 2.
298 3221 321 3288 ᾧ
341 3221 386 3275 ἔπι
406 3220 522 3274 mavult
536 3219 623 3274 Mein.
639 3250 670 3258 -
686 3221 843 3287 ἀνεβόησαν
862 3222 954 3291 vulg„
974 3221 1170 3289 ἀντηγώνισαν
1188 3222 1223 3290 G,
1243 3224 1320 3278 ἀντε-

143 3310 252 3375 βόησαν
272 3308 394 3366 Βοουλιλι
421 3309 488 3376 (μία
518 3309 636 3363 duabas
666 3310 749 3363 chori
773 3311 912 3379 partibus
935 3311 1053 3367 alterno
1073 3318 1165 3368 centu
1184 3327 1250 3367 sese
1270 3329 1319 3367 ex·

143 3396 342 3468 cipientibus“
358 3397 465 3462 Mein).
481 3427 512 3436 -
527 3397 552 3451 3.
568 3398 669 3464 Κρῖσαν
690 3399 759 3453 add.
779 3398 909 3452 Boeokh.
931 3428 964 3439 -
984 3396 1131 3468 πορθήοαν
1152 3442 1158 3454 .
1178 3442 1184 3454 .
1205 3442 1210 3454 .
1231 3401 1265 3456 G.
1287 3431 1318 3441 -

142 3487 204 3543 cfr.
225 3485 297 3542 Call.
317 3487 353 3540 H.
373 3486 402 3540 ΙΙ
424 3487 456 3541 19
475 3488 624 3553 Λυκωρὲος
644 3490 725 3542 ἔντεα
745 3488 860 3593 Φοίβου.

658 3742 700 3806 aa
725 3742 806 3823 (aa).

546 3905 658 3983 θιβρήν
682 3925 716 3967 τε
740 3903 917 3983 (εμίραμιν.
1015 3961 1017 3964 .

254 4043 362 4111 Sehol.
387 4029 459 4112 Nic.
484 4045 581 4110 Ther.
600 4046 643 4111 35
667 4048 779 4125 θιβρήν
804 4047 839 4110 δὲ
863 4047 921 4123 τὴν
943 4048 1061 4125 θερμήν
1077 4049 1128 4111 καὶ
1145 4048 1252 4114 ὀξεῖαν
1269 4050 1321 4114 διὰ

143 4155 204 4232 τὰς
228 4152 261 4219 ἐξ
278 4152 376 4230 αὐτῆς
394 4153 565 4231 γινομένας
582 4153 778 4233 φλεγμονάς.
818 4154 1017 4233 Καλλίμαχος
1035 4153 1086 4233 (fr.
1103 4155 1181 4235 267)
1199 4156 1321 4236 ’θιβρής

146 4261 307 4339 Κύπριόος
331 4259 504 4340 ἁρμονίης.
552 4259 724 4341 Εὐφορίων
749 4263 798 4325 δέ·
824 4260 955 4341 (θιβρήν
977 4265 1043 4326 κτλ.

256 4384 354 4452 θιβρήν
373 4384 405 4452 Ρ,
425 4387 521 4452 θιβρόν
540 4383 575 4452 Κ,
596 4387 712 4453 θιμβρόν
732 4386 792 4452 VR,
811 4386 930 4453 θιμβρήν
949 4384 983 4441 Α.
