2902 4958
558 209 733 265 -47..

54 413 137 450 οαιτο
162 396 303 449 nimirum
328 396 379 460 τήν
404 394 483 460 χάριν
513 391 560 444 vol
584 392 614 443 in
645 390 782 442 saltando
809 372 972 441 eihibitam
998 386 1128 455 gratiam
1153 383 1230 447 (ciri.

56 486 156 551 Ν127,
178 485 282 552 Ρύθθ).

571 608 614 671 46
640 607 717 686 (43).

287 737 394 815 Ζηνός
420 736 573 801 Χαονίοιο
597 732 788 811 προμάντιες
813 730 1002 809 ηὐδάξαντο.

165 861 279 946 Steph.
297 861 378 945 Byr..
403 882 434 944 p.
452 859 527 938 686,
554 859 571 922 ἵ
599 857 736 923 Χαονία·
762 857 842 934 μέση
866 859 923 934 τῆς
947 852 1115 932 Ἠπείρου·
1141 853 1170 916 οἱ
1189 853 1232 916 οἰ-

55 974 191 1049 κήτορες
218 968 344 1045 Χάονες
367 1003 410 1013 -
434 968 502 1046 (11)
521 965 710 1041 λέγεταικαὶ
728 962 883 1038 Χαόνιος·
909 960 1081 1040 Εὐφορίων
1106 960 1232 1025 Χιλιάσι

55 1073 184 1156 (Ζηνός
210 1081 277 1140 κτλ.
301 1112 344 1122 -
368 1077 571 1154 προμαντήες
597 1073 633 1135 V.

572 1254 613 1317 ιτ
641 1253 719 1332 (44).

164 1398 280 1464 Athen.
299 1399 331 1462 X
355 1420 386 1483 p.
404 1397 507 1462 436F
532 1397 577 1477 (in
603 1399 798 1459 πολυποτιίιν
823 1394 986 1477 catalogo)
1012 1394 1187 1476 Ξέναρχος1
1204 1390 1231 1458 δ’

56 1507 218 1584 όῬόδιος
242 1507 294 1570 διὰ
314 1508 372 1584 τὴν
396 1505 603 1568 πολυποσίαν
627 1504 782 1582 μετρητὴς
815 1503 1010 1566 ἐπεκαλεῖτο.
1044 1501 1232 1580 μνημονεύει

57 1613 159 1678 αὐτοῦ
186 1613 402 1692 Εὐφορίωνά
427 1613 583 1689 ἐποποιός
608 1611 643 1674 ἐν
668 1610 805 1674 Χιλιάσι.

165 1737 248 1791 Idem
279 1737 372 1790 refert
406 1735 443 1789 de
471 1735 637 1801 Xenagora
666 1731 781 1786 Aeliau.
805 1731 837 1786 V.
863 1733 898 1785 H.
922 1732 978 1787 Xll
997 1733 1031 1786 ‘26
1067 1733 1232 1786 ποτίσταται

54 1829 208 1892 γεγόνασιν
228 1827 381 1893 ἄνθρωποι,
403 1826 442 1888 ὥς
460 1840 539 1892 φασι,
559 1824 719 1891 Ξεναγόρας
740 1825 755 1876 ό
774 1824 889 1886 Ῥόδιος,
912 1824 944 1875 όν
964 1824 1083 1876 ἐκάλουν
1102 1822 1231 1888 ἀμφορέα

56 1921 115 1971 κτλ.
137 1917 260 1970 diverso
281 1916 342 1969 scil.
362 1920 494 1969 auctore.

395 2113 568 2196 ιετοεικλ
591 2129 896 2196 νποΜνιιηΑτΑ.

166 2278 203 2340 lu
238 2263 408 2356 historicis,
449 2295 531 2358 quae
566 2282 730 2354 vocantur,
775 2275 1031 2359 hypomnematis
1068 2273 1231 2359 Euphorio

57 2383 345 2469 Peripateticorum
364 2381 617 2465 Callimachique
641 2381 820 2467 exemplum
842 2389 969 2447 secutus
986 2403 1004 2447 e
1025 2382 1232 2449 collectaneis

56 2493 133 2569 suis,
159 2508 379 2574 quaecumque
402 2509 486 2554 nova
503 2496 533 2554 et
550 2490 632 2554 scitu
657 2488 755 2573 digna
780 2489 990 2574 apparebant,
1016 2491 1233 2574 composuisse

57 2597 197 2679 videtur,
232 2618 295 2662 non
329 2596 431 2661 solum
464 2595 627 2678 historica,
661 2596 841 2662 sedetiam
872 2597 1025 2681 mythica,
1055 2597 1232 2682 paradoxa,

56 2706 132 2771 alia.
181 2705 396 2789 Fragmenta,
422 2725 502 2788 quae
528 2704 590 2770 huc
613 2706 784 2790 pertinent,
809 2705 947 2772 fortasse
971 2704 1143 2772 adicienda
1160 2714 1233 2772 sum

60 2812 246 2878 148-152.

408 2957 451 3021 48
477 2956 544 3039 (26,
569 2955 659 3021 FHG
683 2956 733 3020 III
759 2958 810 3039 72,
835 2957 879 3036 6).

165 3081 236 3144 Ael.
262 3081 301 3146 H.
318 3082 358 3144 Α.
382 3081 479 3145 XVII
503 3081 544 3146 28
580 3081 753 3160 Εὐφορίων
787 3083 822 3144 δέ
858 3081 893 3144 ἐν
926 3085 995 3160 τοῖς
1028 3082 1233 3160 ὑπομνήμασι

57 3190 143 3266 λέγει
168 3189 227 3266 τὴν
252 3187 358 3267 (opor
383 3189 417 3252 ἐν
442 3192 511 3267 τοῖς
535 3187 743 3266 παλαιτάτοις
770 3189 900 3267 χρόνοις
927 3188 1046 3267 ἐρήμην
1067 3190 1231 3265 γενέσθαι·

56 3300 203 3375 φανῆναι
227 3296 288 3375 γὰρ
313 3296 348 3359 ἐν
372 3295 452 3380 αὐτῇ
477 3296 570 3375 θηρία
594 3297 717 3374 μεγέθει
746 3299 803 3375 μὲν
827 3297 969 3378 μέγιστα,
1001 3295 1095 3376 ἄγρια
1124 3299 1233 3362 δὲκαὶ

58 3403 290 3483 προσπελάσαι
313 3425 358 3486 τῳ
383 3403 482 3486 δεινά,
506 3406 649 3468 καλείθαί
673 3425 708 3480 γε
732 3406 793 3483 μὴν
817 3405 950 3485 νηάόας,
985 3403 1066 3484 άπερ
1095 3403 1153 3468 οὐν
1183 3407 1234 3469 καί

57 3512 141 3595 μόνῃ
170 3516 208 3595 τῇ
240 3516 297 3595 βοῇ
328 3509 482 3613 ρηγνύναι
511 3512 569 3589 τὴν
597 3515 668 3589 γῆν.
715 3512 887 3591 παροιμίαν
920 3510 979 3575 οὐν
1009 3512 1044 3575 ἐν
1073 3518 1110 3595 τῇ
1140 3511 1233 3597 (ἀμφ
1259 3538 1271 3578 a

57 3622 204 3698 διαρρεῖν
232 3620 290 3696 τὴν
323 3618 499 3695 λέγουσαν·
531 3622 638 3696 μεῖζον
669 3623 729 3702 βοή
758 3622 823 3684 τῶν
847 3620 987 3698 νηάδων.
1019 3619 1101 3683 ὀστᾶ
1129 3621 1164 3684 δὲ
1188 3619 1234 3685 ἔτι

56 3728 109 3790 καὶ
134 3729 193 3790 νῦν
218 3725 325 3791 αὐτῶν
350 3727 533 3790 δείκνυσθαι
557 3726 678 3805 μεγάλα
702 3726 720 3789 ό
746 3725 845 3807 αὐτός
869 3743 962 3807 φησι.

167 3848 328 3904 Aelianum
347 3851 507 3920 exscripsit
520 3848 654 3919 Apostol.
675 3856 751 3904 cent.
766 3850 809 3904 IX
821 3851 853 3904 61
869 3850 1013 3917 (Leutsch
1028 3850 1234 3920 Paroemiogr.

57 3958 84 4011 p.
99 3940 174 4006 473).
195 3968 227 3978 -
247 3939 272 3992 2.
292 3941 475 4005 παλαιτάτοις
497 3939 672 4005 Vaticanus
701 3941 901 4005 παλαιοτάτοις
919 3940 1032 4011 Apost,
1060 3947 1111 3996 τοῦ
1131 3942 1233 4008 χρόνου

57 4031 135 4096 Vat,
167 4030 279 4097 χρόνοις
305 4028 411 4098 Apost.
440 4059 472 4068 -
499 4030 616 4098 ἐρήμην,
645 4030 775 4095 γενέσθαι
803 4047 833 4083 τε
862 4031 892 4083 ἐν
921 4031 993 4099 αὐτῇ
1024 4030 1098 4098 vat,
1127 4031 1234 4098 ἐρήμην

54 4120 202 4186 γενέσθαι·
222 4123 346 4187 φανῆναι
364 4120 418 4186 γάρ
437 4117 541 4188 Apost.
561 4148 592 4157 —-
614 4120 646 4173 4:
659 4118 698 4188 δὲ]
719 4137 750 4184 γε
771 4119 857 4174 Mein.

166 4207 225 4264 cfr.
244 4208 404 4264 Photinus.
423 4213 485 4276 νήῑς
505 4238 537 4247 -
558 4212 602 4262 καί
616 4211 646 4263 ἐν
660 4209 742 4278 (ἀμφ
756 4211 786 4263 δέ
800 4209 883 4276 θηρία
896 4210 1033 4276 γενέσθαι,
1055 4211 1097 4263 ὡν
1115 4214 1235 4276 φθεγγο·

56 4301 153 4366 μένων
173 4299 329 4365 ῥήγνυσθαι
352 4299 406 4364 τὴν
424 4298 487 4365 γῆν.
524 4299 677 4353 ἐκαλοῦντο
704 4301 734 4352 δέ
752 4301 856 4366 νηῑδες,
885 4301 926 4363 ὼς
946 4299 1072 4362 Εὐγαίων
1096 4297 1186 4365 (FHG
1206 4298 1235 4353 11

56 4407 86 4459 p.
102 4388 144 4456 16,
158 4388 194 4443 tr.
211 4388 246 4454 1).
268 4378 299 4426 4
320 4387 439 4444 Heracl.
465 4388 534 4442 Πολ.
561 4388 672 4453 (aalma
692 4388 783 4456 (FHG
796 4388 826 4442 ΙΙ
846 4405 874 4457 p.
888 4389 950 4452 215)
972 4388 1063 4454 (άμον
1085 4389 1118 4442 τό
1138 4389 1188 4453 μὲν
1208 4391 1235 4443 ἐξ
