2902 4958
726 201 900 260 „35-

122 377 125 383 ⁴
229 380 297 439 adn.
326 380 480 453 Merkelii),
511 385 657 456 Lycophr.
676 386 728 440 451
759 388 897 453 Κυχρεῑος,
926 385 989 439 Nic.
1013 385 1100 440 Ther.
1124 386 1177 439 764
1202 386 1351 451 Περσείος.
1375 414 1404 424 -

228 475 414 544 Serpentem,
434 477 486 545 qui
500 473 717 530 Archemorum
738 476 856 542 occidit,
877 490 944 528 cum
959 474 1095 544 Cychreo
1110 477 1279 544 comparari
1300 475 1405 542 credo,

228 566 335 634 supple
356 565 439 618 velut
457 565 561 629 λοίγιος
580 566 631 629 ῆεν
650 567 723 633 όφις.

739 731 781 794 29
807 730 887 810 (18).

336 872 448 958 Steph.
473 874 550 957 Byz.
574 894 606 957 p.
623 874 699 954 422,
720 874 759 937 12
783 872 930 950 Λυκώνη·
957 874 1084 955 Θρᾴκης
1109 871 1201 951 ὅρος·
1228 872 1403 951 Εὐφορίων

227 979 454 1058 Ἱππομέδοντι.

334 1105 439 1171 θράκης
457 1107 522 1171 όρος
541 1104 575 1172 R,
594 1106 700 1171 θράκης
718 1106 797 1168 πόλις
816 1103 849 1170 V,
868 1105 947 1168 πόλις
966 1105 1071 1170 θράκης
1089 1104 1149 1167 ΡΑ,
1169 1103 1357 1168 ἱππομέδαντι
1370 1105 1402 1156 R.

672 1378 777 1441 ΙΕΤΙΑ.
804 1377 957 1441 ΙΝΑΧΟΕ.

335 1540 385 1604 De
401 1538 494 1612 titulo
507 1559 568 1603 non
583 1544 717 1604 constat.
747 1538 778 1602 M
785 1539 819 1602 ei
829 1538 923 1603 αολο
937 1558 995 1622 pro
1006 1539 1100 1620 Ἱστίᾳ
1113 1536 1284 1621 legendum
1298 1539 1403 1602 conie-

228 1648 272 1739 pit
288 1646 427 1730 Ἱστιαίᾳ.
464 1647 520 1711 Sic
543 1647 625 1710 enim
651 1645 815 1710 nominata
831 1646 892 1710 fuit
909 1647 1023 1710 nobilis
1040 1645 1251 1728 grammatica
1265 1645 1403 1710 Alexan-

229 1753 322 1819 drina
339 1754 548 1835 (Susemihl
566 1754 597 1818 Il
616 1754 690 1835 149,
707 1755 752 1834 2),
775 1755 824 1817 eui
842 1773 970 1818 carmen
987 1752 1155 1818 dedicasse
1172 1753 1323 1836 opinatur
1343 1754 1404 1818 Ευ-

106 1875 107 1880 ’
228 1862 413 1947 phorionem
438 1863 511 1939 (An.
537 1862 586 1924 Al.
612 1883 643 1945 p.
660 1862 727 1938 22).
775 1860 875 1938 Quem
905 1869 1032 1926 secutus
1062 1861 1190 1943 Bergk
1220 1863 1346 1945 (οριιοο.
1372 1862 1402 1926 ΙΙ

230 1991 261 2054 p.
286 1970 364 2047 218)
389 1970 424 2033 ἐν
448 1975 485 2059 τῇ
510 1968 638 2051 Ἱστιαίᾳ
662 1969 681 2045 ἢ
706 1969 813 2051 Ἰνάχῳ
838 1969 1013 2051 proposuit,
1044 1970 1097 2050 qui
1122 1967 1288 2032 commode
1318 1989 1403 2034 οοιυ-

228 2081 343 2163 parar'e
367 2076 471 2160 potuit
495 2075 661 2140 Theocriti
687 2095 814 2138 carmen
833 2076 965 2153 Χάριτες
982 2077 1001 2153 ἢ
1019 2074 1133 2154 Ἱέρων.
1182 2076 1404 2158 Antiquitates

228 2184 398 2268 Argolicas
422 2183 483 2248 hoe
507 2183 648 2246 carmine
673 2183 836 2266 expositas
859 2183 959 2248 fuisse
984 2190 1093 2247 censet
1118 2183 1306 2248 Meineke.

742 2417 786 2480 30
810 2417 889 2497 (24).

335 2578 444 2644 Schol.
469 2577 568 2643 Clem.
593 2578 642 2642 Αλ.
668 2578 769 2642 Ριοίι.
797 2578 885 2655 11,8
910 2599 941 2661 p.
959 2579 1035 2657 300,
1055 2578 1173 2661 l2sqq'.
1192 2579 1239 2642 St.
1266 2581 1404 2666 Καρανῷ

228 2694 273 2772 τῷ
296 2686 483 2765 Ποιάνθονς
507 2687 565 2771 υἱῷ
589 2687 621 2751 ἐξ
645 2685 782 2764 Ἄργους
809 2687 956 2764 μέλλοντι
990 2685 1139 2750 ἀποικίαν
1172 2689 1319 2753 στέλλειν
1353 2691 1404 2753 ἐπὶ

230 2794 435 2859 Μακεδονίαν
459 2793 504 2872 εἰς
528 2795 683 2873 Δελφοὺς
707 2793 834 2857 ἐλθόντι
858 2793 994 2872 ἔχρησεν
1019 2793 1238 2859 ὁἈπόλλων·

335 2919 467 3001 φράζεο,
492 2923 540 2983 δῑε
566 2920 698 3002 Καρανέ,
724 2920 790 3003 νόιρ
815 2919 843 2981 δ’
868 2919 945 2997 ἐμὸν
969 2919 1062 2984 ἔνθεο
1087 2923 1204 2998 μῦθον·

336 3027 546 3105 ἑκτιρολιπὼν
563 3025 681 3105 Ἀργος
705 3028 813 3090 τεκαὶ
837 3026 975 3090 Ἑλλάδα
999 3027 1225 3104 καλλιγύναικα

337 3134 432 3213 χώρει
457 3136 541 3215 πρὸς
565 3134 671 3212 πηγὰς
694 3133 918 3212 Ἁλιάκμονος·
943 3134 1021 3198 ἔνθα
1045 3132 1072 3199 δ’
1099 3135 1139 3198 ἂν
1162 3134 1254 3214 αἶγας

337 3243 535 3321 βοσκομένας
560 3241 671 3325 ἐσίδῃς
694 3244 832 3319 πρῶτον,
858 3242 928 3305 τόθι
951 3263 1000 3306 τοι
1024 3243 1128 3322 χρεών
1151 3243 1239 3307 ἐστιν

335 3349 479 3427 Ζηλωτὸν
503 3348 604 3413 ναίειν
628 3348 728 3412 αὐτὸν
751 3347 865 3425 γενεάν
888 3370 922 3412 τε
946 3349 1130 3427 πρόπασαν.

227 3495 280 3559 Ἐκ
311 3495 349 3571 δὴ
370 3495 439 3557 ’τού
471 3496 617 3572 χρησμοῦ
657 3494 898 3572 προθυμότερος
939 3493 1113 3572 γενόμενος
1147 3495 1302 3577 Καρανός,
1340 3499 1404 3562 σύν

227 3618 311 3666 τισιν
334 3600 490 3678 Ἕλλησιν
514 3599 663 3664 ἀποικίαν
689 3585 897 3679 στειλάμενος
922 3602 1024 3665 ἐλθὼν
1054 3601 1099 3679 είς
1125 3602 1329 3668 Μακεδονίαν
1356 3606 1404 3670 ἔκ·

227 3724 316 3773 τισεν
339 3701 435 3772 πόλιν
459 3709 510 3771 καὶ
527 3707 725 3772 Μακεδόνων
742 3709 952 3788 ἐβασίλευσεν
969 3709 1019 3771 καὶ
1036 3711 1094 3786 τὴν
1110 3709 1269 3787 πρότερον
1287 3715 1403 3777 καλου-

229 3816 327 3894 μένην
351 3813 515 3879 Ἔδεσσαν
539 3814 634 3879 πόλιν
662 3815 758 3892 Αἰγὰς
784 3816 841 3895 (sie
867 3814 1017 3879 Meineke
1045 3835 1101 3898 ριο
1130 3813 1240 3893 Αίγας)
1263 3823 1404 3895 μετωνό-

228 3938 332 4001 μασεν
363 3921 428 3986 ἀπὸ
451 3927 516 3986 τῶν
541 3922 650 3999 αἰγῶν.
690 3925 803 4007 ᾠκεῖτο
833 3923 867 3985 δὲ
896 3923 933 3985 τὸ
962 3923 1100 3986 παλαιὸν
1124 3925 1142 4000 ἡ
1167 3921 1312 3987 Ἔδεσσα
1338 3928 1404 3992 ὑπό

228 4030 365 4108 Φρυγῶν
389 4031 440 4093 καί
456 4029 570 4093 Λυδῶν
594 4032 734 4094 καὶτῶν
758 4029 835 4107 μετὰ
853 4029 957 4092 Μίδου
983 4032 1256 4108 διακομισθέντων
1279 4033 1324 4110 εἰς
1343 4037 1404 4113 τὴν

229 4135 388 4215 Εὐρώπην
411 4136 483 4217 (οὐκ.
509 4136 669 4221 Lycophr.
703 4136 891 4217 ίόθίοηη.)
938 4137 1046 4200 Ταῦτα
1075 4137 1247 4217 Εὐφορίων
1276 4139 1405 4220 ἱστορεῖ

228 4242 264 4308 ἐν
280 4250 316 4329 τί)
341 4243 436 4327 Ἱστίᾳ
460 4246 510 4307 καὶ
533 4250 579 4328 τῷ
601 4244 721 4328 Ἰνάχῳ.

336 4368 433 4422 Versu
453 4367 469 4420 3
488 4368 564 4420 trad.
584 4369 650 4420 τότε
671 4367 755 4436 (ΡΜ),
774 4370 836 4423 τόθι
856 4369 942 4424 Mein.
956 4399 986 4408 -—
1001 4369 1026 4421 4.
1046 4371 1129 4436 χρεόν
1148 4369 1210 4425 ΡΜ.
