2902 4958
634 220 809 275 -92..

137 403 203 483 86),
221 400 424 483 Theocritea‚
449 402 502 466 uhi
520 410 633 485 quater
648 400 811 486 Euphorio
829 400 946 467 citatur
963 402 1017 482 (tr.
1034 401 1072 484 83
1089 400 1148 482 383
1164 399 1220 483 543
1234 402 1282 482 87).

136 508 288 574 Fortasse
312 509 419 591 etiam,
445 527 526 590 quae
550 507 583 572 in
607 507 738 575 scholiis
754 506 945 574 Nicandreis
964 513 1096 574 exstant
1112 506 1283 592 fragmenta,

137 614 260 680 Theoni
284 615 455 681 tribuenda
478 624 560 698 sunt,
586 616 644 682 ofr.
661 617 699 680 tr.
718 616 776 696 933
804 616 880 696 1043
908 615 985 694 1273
1012 615 1092 696 172,
1119 616 1282 699 17431783

139 722 218 802 180;
238 723 310 788 184.
350 723 465 806 Itaque
481 722 558 787 mihi
576 723 671 788 valdo
687 721 815 818 adridet
830 721 973 788 Subest-ii
991 723 1186 802 coniectura,
1210 738 1284 805 quon

136 849 258 895 meoum
275 816 333 916 per
349 830 472 896 litteras
489 831 746 914 communicavit,
770 829 935 897 Thoonem
952 831 1049 895 etiam
1068 828 1284 915 Euphorionem

136 938 364 1005 commentario
388 940 586 1021 instruxisse,
611 958 702 1022 quem
728 939 890 1005 subsecuti
913 946 1020 1004 essent
1037 937 1284 1004 commentariiiu

136 1045 382 1130 Lycophronem
406 1053 438 1111 et
463 1045 665 1132 Apollonium
690 1045 872 1132 oousoripti.
920 1045 1111 1125 ‘rasponus
1139 1044 1285 1124 ἀνεπίγρα-

137 1174 203 1233 φον
219 1152 264 1232 εἰς
280 1155 338 1219 τὸν
354 1154 511 1233 κεχηνότα
527 1155 695 1220 Διόνυσον
711 1154 822 1219 laudat
834 1155 885 1219 Et.
900 1154 979 1220 tien.
998 1174 1023 1219 s.
1037 1175 1068 1219 v.
1085 1152 1285 1233 ἀστέμβακτον
1312 1214 1316 1223 .

137 1261 190 1341 (ir.
210 1250 294 1341 157).
332 1260 575 1327 Commentariis
590 1262 826 1348 Euphorioneis
841 1263 949 1328 nescio
966 1283 1007 1327 an
1025 1261 1168 1326 Theonis
1183 1261 1285 1347 glossas

136 1368 274 1452 Etymol.
292 1367 495 1448 irdpuuurou
512 1370 618 1450 (158);
643 1370 793 1450 εὐβύριον
810 1369 901 1448 (166)
917 1376 949 1434 ot
966 1367 1122 1454 Stephani
1139 1367 1284 1449 Ἄσβωτος
1312 1440 1316 1448 ,

136 1476 205 1556 (21)
228 1475 340 1542 deberi
367 1475 502 1543 adnotat
525 1478 739 1543 Wilamowitn
769 1478 858 1542 B.Kl.
886 1478 911 1541 V
940 1481 953 1543 l
985 1499 1016 1563 p.
1034 1477 1088 1558 59,
1109 1480 1138 1541 1.
1185 1475 1285 1554 Quibus

136 1583 360 1669 adiungendus
383 1585 520 1650 fortasse
548 1585 655 1670 Etym.
672 1585 752 1650 (len.
770 1585 909 1664 ἄρρατος
934 1585 1021 1666 (24);
1052 1585 1197 1664 Γαιζῆται
1217 1583 1284 1664 (66)

136 1691 325 1771 εὐρυκόωσα
349 1693 457 1774 (131),
482 1693 630 1771 teporem
655 1693 762 1773 (142);
788 1691 904 1771 εὔωροι
919 1692 1027 1773 (167);
1051 1690 1209 1776 Stephani
1229 1689 1285 1753 'ho

136 1801 247 1879 σωρόν
270 1803 335 1882 19),
368 1799 533 1880 ’ωρύχιον
557 1801 641 1882 (16),
675 1799 818 1877 Ὀγκαῑαι
842 1801 926 1881 (27),
963 1790 1097 1878 ’Λυκώνη
1123 1799 1208 1881 (29),
1229 1799 1285 1863 ltu

136 1912 214 1988 ριεῑς
239 1908 319 1989 (94).
365 1907 472 1972 Etiam
499 1909 664 1992 1131126
693 1928 733 1972 ex
757 1906 972 1992 Euphorionis
1002 1906 1146 1971 editione
1175 1904 1287 1972 scholiis

136 2017 293 2099 instruatu
315 2020 474 2100 sumptum
499 2035 568 2082 esse
592 2013 732 2080 ostendit
756 2014 971 2080 Wilamowitz
995 2013 1014 2080 l.
1033 2032 1061 2079 o.
1086 2034 1117 2098 p.
1135 2013 1189 2091 60,
1207 2016 1232 2076 1.

243 2122 334 2202 Theo
358 2122 519 2204 nonnulla,
544 2130 578 2186 ut
602 2121 738 2203 videtur,
771 2122 858 2186 velut
881 2122 921 2187 fr.
938 2121 991 2199 66,
1016 2120 1180 2202 historiae,
1208 2138 1286 2201 quam

135 2230 255 2312 dicunt,
280 2229 416 2297 fabulari
441 2237 577 2313 aooepta
600 2229 708 2294 refert.
743 2229 856 2325 Eidem
872 2229 1003 2294 Servius
1019 2227 1225 2310 debet‘frgm.
1241 2224 1287 2305 793

134 2336 192 2417 803
209 2336 347 2417 fortasse
361 2336 455 2401 etiam
471 2337 528 2417 723
541 2337 597 2416 813
614 2337 691 2416 1343
708 2334 749 2400 ad
763 2336 898 2400 eandem
911 2334 1046 2399 redeunt
1058 2333 1098 2399 ir.
1115 2332 1287 2411 rus—1203

137 2445 214 2526 1243
238 2444 376 2510 fortasse
397 2443 495 2509 etiam
518 2443 719 2527 11111781),
745 2442 831 2526 quod
854 2444 992 2509 loannes
1015 2441 1128 2528 Lydus
1152 2439 1287 2508 servavit

133 2551 187 2615 Ad
211 2550 372 2634 florilegio
404 2550 565 2636 pertinent
588 2549 651 2634 frg.
675 2552 733 2631 203
758 2551 817 2630 423
845 2550 924 2629 1073
956 2549 1030 2631 129,
1066 2542 1151 2632 quae
1179 2546 1297 2637 soilioet·

134 2657 241 2722 omnio
258 2663 330 2742 post
344 2655 558 2742 Chrysippum
575 2655 702 2722 demum
719 2656 848 2722 adieota
864 2658 980 2735 sunt2).
1005 2656 1133 2737 Agmen
1149 2653 1290 2720 claudant

134 2760 321 2849 Pamphilus
345 2763 395 2840 (fr.
413 2764 471 2843 50;
498 2764 675 2844 15431563
700 2764 778 2845 170,
806 2763 894 2843 176),
918 2761 1002 2846 Apio
1026 2761 1080 2841 (fr.
1104 2761 1199 2844 19³);
1222 2757 1289 2835 1713

137 2873 222 2953 179),
246 2870 449 2939 Herodianus
474 2874 512 2952 (s.
533 2872 661 2951 Ξένιος,
685 2872 724 2936 tr.
745 2874 801 2953 11;
828 2872 886 2952 133
914 2872 968 2949 143
993 2871 1052 2950 343
1077 2870 1135 2952 37;
1161 2870 1218 2953 70,
1240 2866 1289 2945 88;
1324 2884 1327 2953 ξ

134 2981 191 3059 96,
219 2980 295 3062 1033
322 2979 400 3059 1603
427 2979 505 3059 1623
532 2979 620 3060 173),
644 2978 834 3043 Plutarchus
852 2978 925 3059 (63;
951 2977 1011 3057 983
1039 2977 1127 3062 185),
1151 2977 1290 3060 quinum
1325 2962 1327 3035 f

133 3088 194 3170 ipsi
218 3086 355 3173 legerint
379 3085 625 3171 Euphorionem,
650 3087 712 3150 iam
738 3085 877 3150 dubitari
903 3092 1019 3170 potest.
1201 3165 1204 3169 ⁴
1323 3090 1327 3171 ff

242 3285 270 3351 1)
289 3283 413 3340 Servius
432 3283 507 3339 Aen.
528 3284 555 3336 ll
576 3285 610 3338 15
638 3285 674 3338 de
702 3285 756 3339 hoo
789 3300 864 3354 equo
893 3280 982 3338 uaria
1006 3281 1040 3350 in
1065 3280 1207 3338 historiis
1229 3282 1292 3337 uum

133 3378 221 3428 sant:
241 3376 275 3428 ut
284 3372 430 3445 Hypinns
444 3376 472 3428 et
486 3374 599 3428 Tubero
613 3372 727 3440 dieunt,
746 3371 1024 3435 machinamentum
1037 3370 1177 3428 bellicum
1188 3370 1291 3444 strit-

132 3465 166 3517 nt
184 3460 250 3529 alii,
267 3464 369 3532 porta,
390 3477 484 3532 qnam
502 3461 546 3517 eia
564 3461 699 3517 Antenor
721 3460 851 3532 aperuit,
880 3477 992 3532 equum
1015 3459 1136 3530 pictum
1162 3459 1293 3518 hahuisse

133 3553 327 3620 memorator,
347 3552 392 3607 oet
410 3554 488 3605 corle
506 3549 669 3606 Antenoris
689 3553 805 3619 domus,
825 3566 885 3621 qno
901 3552 1003 3620 posset
1021 3549 1150 3621 apansa·
1168 3552 1220 3608 eto.

241 3642 268 3705 2)
288 3641 370 3697 Etter
386 3640 432 3694 De
450 3641 712 3712 gnomologiorum
727 3641 914 3698 Graecorum
928 3641 1054 3696 historia
1072 3647 1167 3711 atqua
1186 3641 1295 3712 origiue

122 3738 126 3747 ‘
155 3732 270 3788 ,8189Ι

134 3750 151 3802 p
215 3732 266 3888 l3)
287 3821 374 3887 Quod
393 3824 471 3877 enim
493 3825 648 3893 praecedit
674 3841 721 3895 ap.
741 3824 901 3881 Aelianum
924 3824 1096 3893 exemplum
1115 3828 1225 3895 gratae
1243 3818 1296 3879 ani·

133 3914 255 3966 matium
287 3913 458 3982 memoriae,
501 3929 538 3969 ex
579 3913 704 3984 Apionis
742 3914 939 3985 Aegyptiacis
979 3918 1132 3984 sumptum
1165 3919 1219 3986 est,
1252 3912 1298 3967 atr.

133 4001 357 4057 Gelliumvlt.

611 4238 824 4249 ...α-*-
