2902 4958
731 177 906 232 „46-

137 441 140 445 ,
230 359 328 424 luisse
353 340 540 444 Mopsopiae
564 365 687 444 partem
712 358 800 423 felici
823 358 1133 422 Wilamowitaii
1158 357 1196 422 tr.
1214 357 1257 421 33
1281 356 1408 441 supple-

229 475 336 532 mento
361 467 577 550 cognovimus.
623 467 738 548 Itaque
754 466 822 529 veri
839 465 942 530 simile
960 474 1009 530 est
1026 465 1124 529 etiam
1141 465 1224 528 inter
1241 465 1405 548 epicorum

229 576 404 640 carminum
428 573 546 656 titulos,
580 575 635 656 qui
658 580 787 658 praeter
815 579 879 638 tres
910 571 1055 657 aSuida
1086 579 1279 636 memoratos
1314 571 1407 636 nohis

229 682 410 763 traduntur,
437 701 506 747 esse
530 681 707 762 nonnullos,
742 680 795 762 qui
824 679 865 744 ad
901 688 1009 765 partes
1034 679 1216 745 Chiliadum
1241 679 1293 744 vel
1317 678 1406 763 Μορ-

229 791 339 875 sopiae
362 788 523 854 referendi
547 789 611 855 sint
635 787 832 869 (Meineke
857 788 918 852 An.
943 787 994 851 Al.
1020 808 1051 872 ρ.
1072 787 1122 863 15,
1144 790 1176 868 13
1206 785 1406 868 Schultac,

230 898 513 983 Euphorioneap.
536 898 603 976 25).
653 895 852 978 Quamquam
878 894 929 960 hie
953 915 1075 960 summa
1099 896 1247 961 cautione
1276 914 1407 979 progre-

165 1079 166 1082 ς
229 1005 380 1071 diendum
397 1005 608 1088 esseopinor.
647 1004 858 1086 Nequaquam
876 1003 958 1067 enim
982 1001 1068 1085 inde,
1094 1002 1177 1084 quod
1198 1002 1327 1087 SuidaS,
1355 1003 1407 1084 qui

229 1113 348 1195 alioqui
365 1113 396 1177 in
412 1113 563 1196 operibus
579 1111 769 1195 scriptorum
785 1108 962 1175 afferendis
985 1111 1065 1176 satis
1081 1110 1250 1193 religiosus
1266 1117 1316 1174 est
1340 1112 1408 1190 (aut

192 1307 194 1311 Ι
229 1221 311 1285 enirn
337 1221 442 1284 omnia
466 1227 631 1284 enumerat
660 1225 716 1283 eut
748 1219 807 1284 suh
840 1218 938 1283 finem
968 1217 1068 1283 adicit
1095 1219 1147 1282 καὶ
1175 1217 1258 1283 ἄλλα
1288 1218 1406 1298 πολλά,

229 1329 279 1391 καί
296 1326 378 1391 ἄλλα
395 1327 475 1408 τινά,
500 1326 640 1406 similia),
666 1326 718 1390 hie
736 1332 800 1390 tres
816 1332 940 1391 tantum
964 1326 1073 1391 titulos
1097 1332 1271 1399 enumerat,
1297 1326 1407 1409 colligi

228 1440 335 1519 potest
368 1435 507 1516 reliquos
542 1433 591 1498 his
630 1431 860 1498 subsumendos
894 1452 973 1497 esse.
1020 1433 1057 1496 ln
1093 1432 1282 1497 Callimachi
1320 1439 1406 1497 certe

136 1560 145 1575 ⁹
229 1541 380 1624 catalogo
404 1562 470 1605 rem
495 1561 557 1606 uon
581 1542 627 1605 ita
648 1541 796 1621 instituit,
821 1547 855 1603 ut
873 1547 1010 1604 totorum
1028 1540 1406 1623 carminum'respieeret,

230 1649 368 1732 partium
394 1647 582 1731 neglegeret
607 1647 727 1713 titulos.
768 1647 915 1722 Accedit,
942 1646 1025 1729 quod
1051 1647 1172 1712 Suidae
1197 1647 1297 1712 vitam
1321 1669 1405 1713 man·

227 1776 297 1821 cam
314 1775 384 1821 esse
402 1757 621 1838 eognovimus.
669 1754 747 1832 Quis
763 1756 862 1837 igitur
877 1755 1049 1839 spondehit
1065 1754 1321 1819 additamentum
1340 1756 1407 1820 eius

63 1888 67 1898 ·
113 1899 117 1904 -
226 1864 363 1947 generis,
395 1863 503 1945 qualia
533 1883 630 1948 supra
653 1863 757 1941 attuli,
790 1883 853 1927 non
881 1882 975 1947 posse
998 1864 1113 1928 lacuna
1137 1862 1285 1928 haustum
1311 1863 1407 1929 esse?

742 2062 786 2124 44
811 2062 890 2141 (41).

401 2207 453 2270 καὶ
477 2205 570 2269 Ψίλιν
594 2203 764 2269 Ἀσκάνιόν
787 2225 822 2268 τε
849 2251 1021 2269 ......
1047 2205 1232 2270 Ναυαίθοιο.

332 2330 444 2415 Steph.
464 2329 540 2415 Byz.
559 2349 585 2395 s.
607 2351 637 2394 ν.
651 2330 806 2394 Ἀσκανία
822 2351 852 2414 p.
875 2332 948 2412 132,
968 2331 1008 2395 18
1033 2331 1070 2394 τὸ
1087 2331 1220 2395 τοπικὸν
1233 2329 1407 2410 Ἀσκάνιος

225 2438 344 2518 ὁμοίως
369 2444 414 2522 τῷ
439 2439 549 2521 κυρίῳ.
575 2436 643 2501 ἔστι
667 2439 718 2501 καὶ
734 2437 902 2514 Ἀσκάνιος
927 2437 1082 2516 ποταμός.
1123 2438 1296 2516 Εὐφορίων
1322 2439 1405 2504 Χιλι·

225 2547 300 2610 άσιν
325 2545 383 2609 ικαὶ
409 2582 452 2592 -
481 2544 673 2609 Ναυαίθοισ,
720 2545 812 2623 Ψίλις
838 2546 977 2626 Μυσίας,
1004 2545 1165 2624 Ναύαιθος
1190 2544 1334 2624 Ἰταλίας.

334 2674 410 2736 ψιλίν
436 2668 495 2738 RP,
520 2671 606 2735 ψιλύν
630 2669 664 2736 V,
689 2673 767 2735 ψιλοί
791 2667 825 2723 Α.
845 2698 881 2708 -
899 2670 1045 2723 Ἀσκάνιόν
1069 2686 1100 2723 τε
1124 2673 1169 2722 καί
1193 2670 1333 2724 εὐνάοντα
1359 2674 1407 2726 vel

225 2761 255 2814 εὐ
274 2759 389 2814 ναίοντα
414 2759 555 2813 Ναύαιθον
578 2774 617 2813 ex
641 2757 780 2814 Salmasii
805 2759 869 2813 eod.
893 2759 1040 2812 Palatinis
1065 2759 1153 2813 affert
1172 2759 1306 2815 Holsten.
1347 2760 1407 2816 Sed

224 2849 382 2904 Berkelius
407 2850 439 2902 in
468 2849 515 2904 ed.
542 2847 645 2918 Steph.
686 2848 784 2919 Lugd.
811 2848 873 2902 Bat.
893 2847 961 2902 1694
982 2849 1013 2902 εὐ
1035 2849 1151 2903 ναίοντα
1177 2849 1319 2902 Ναύαιθον
1344 2849 1406 2906 Sal-

225 2941 312 2992 masii
335 2954 401 2994 esse
430 2940 635 2993 coniecturam
660 2942 799 2992 testatur.
824 2967 854 2976 -
879 2941 923 2992 καί
943 2939 1032 2992 ὕδατα
1055 2939 1175 3008 supplet
1194 2937 1408 3008 Friedemann‚

224 3030 326 3082 malim
348 3031 419 3096 πρὸς
446 3030 536 3082 ὕδατα
565 3029 629 3082 sive
655 3029 723 3094 ῥόον
751 3027 842 3094 προτί.
873 3056 905 3066 -
935 3027 1062 3082 Kriaaek
1092 3027 1406 3093 (Fleckeis.anu.13?

225 3118 325 3185 (1888),
355 3133 383 3186 p.
398 3118 460 3185 153)
488 3119 578 3186 trgm.
614 3118 765 3186 pertinere
802 3121 904 3172 censet
932 3118 972 3171 ad
1002 3117 1234 3187 descriptionem
1264 3119 1407 3173 interitus

225 3209 350 3262 navium
370 3205 565 3275 Graecarum,
585 3222 661 3275 quas
681 3207 821 3261 mulieres
841 3207 992 3261 Troianae
1012 3207 1051 3260 ad
1065 3206 1256 3260 Nauaethum
1277 3208 1407 3262 fluvium

225 3296 433 3364 incenderant,
455 3298 506 3350 cfr.
528 3296 620 3350 schol,
639 3295 790 3365 Lycophr.
806 3295 866 3350 921.
905 3295 991 3360 Quod
1012 3297 1037 3350 si
1057 3311 1163 3349 verum
1184 3298 1238 3362 est,
1268 3297 1299 3349 in
1320 3312 1407 3366 prae·

183 3373 188 3380 ’
225 3386 403 3440 cedentibus
422 3385 625 3455 supplendum
639 3388 770 3438 λιποῦσαι
791 3390 820 3439 et
835 3385 1060 3455 Euphorionem
1081 3386 1200 3454 patriae
1214 3381 1406 3454 'captivarum

224 3476 307 3528 fines.
320 3475 427 3530 latiore
447 3475 564 3528 ambitu
584 3474 777 3543 descripsisse
798 3475 1003 3530 statuendum.

744 3657 786 3720 45
810 3657 888 3736 (42).

370 3798 491 3876 δαίμων
517 3846 524 3863 .
551 3846 559 3863 .
584 3847 591 3863 .
619 3847 625 3862 .
651 3814 744 3863 σαιτο
768 3798 1042 3878 φιλοπλοκάμοισι
1068 3800 1258 3877 Δυμαίναις.

334 3922 445 4007 Steph.
463 3923 540 4008 Byr.
558 3945 589 4008 p.
607 3926 683 4006 240,
701 3925 720 3987 6
746 3926 907 4003 Δυμάνες,
931 3926 1017 4003 φυλὴ
1035 3925 1192 4002 Δωριέων
1216 3961 1259 3970 -
1284 3925 1357 4006 (12)
1379 3929 1409 3991 οἱ

226 4032 390 4109 οἰκοῦντες
414 4032 579 4110 Δυμάνες·
612 4033 662 4095 καί
687 4032 833 4110 Δυμανὶς
863 4033 899 4095 τὸ
930 4032 1069 4109 θηλυκόν
1099 4068 1141 4078 -
1166 4035 1216 4095 καὶ
1242 4032 1405 4110 Δύμαινα.

227 4138 400 4219 Εὐφορίων
425 4139 552 4205 Χιλιάσι
576 4138 716 4217 “δαίμων’
739 4142 805 4202 κτλ.

334 4263 481 4331 Εὐφορίων
524 4268 553 4317 et
590 4277 668 4330 quae
709 4278 770 4331 seq.
800 4262 868 4316 add.
902 4261 929 4317 S.
963 4293 994 4302 -
1026 4262 1211 4332 [ἀντιά]σαιτο
1256 4264 1407 4322 Diintzer.

227 4351 393 4437 Schneider
422 4352 547 4418 (Gallim.
566 4352 594 4404 ll
617 4368 645 4421 p.
667 4352 728 4416 765)
757 4353 853 4420 suppl.
878 4354 944 4405 οὐδέ
970 4353 993 4405 κ’
1014 4354 1142 4407 ἐπελθὼν
1174 4353 1281 4417 δαίμων
1309 4359 1409 4422 μωμή-
