2902 4958
636 220 811 276 -75«-

629 401 688 466 121
716 403 818 482 (109).

539 543 641 622 Οὐπις
665 542 908 646 ἀμαλλοφόρος.

243 685 351 752 Schol.
377 686 462 764 PQT
486 687 580 751 Hom.
605 707 620 752 ε
640 688 699 753 121
726 686 844 754 τούτου
869 687 1024 769 (Orionis)
1048 691 1110 769 γὰρ
1133 691 1309 770 ἐρασθεῖσα

133 797 154 873 ἡ
178 793 298 874 Ἡμέρα
321 794 468 873 ἥρπασεν
491 793 557 860 άπὸ
580 793 751 884 Τανάγρας
773 795 820 877 εἰς
836 796 959 878 Δῆλον,
984 796 1063 862 ἔνθα
1085 799 1144 877 τὴν
1168 795 1309 878 ἀμαλλο-

135 903 244 982 φόρον
267 901 372 1002 Οὐπιιν
396 902 474 967 ἰδών
501 902 594 982 ἤθελε
626 901 814 983 βιάσασθαι·
848 902 901 984 ἐφ’
926 904 953 986 ᾧ
977 903 1211 983 ὀργισθεῖσαὴ
1235 906 1309 983 θεὸς
1424 896 1426 901 ’

137 1010 264 1088 ἀναιρεῖ
288 1009 397 1086 αὐτόν,
421 1009 466 1090 ώς
490 1008 664 1090 Εὐφορίων
688 1013 793 1088 δηλοῖ.
1215 1020 1217 1026 ’
1423 1011 1432 1023 “

246 1132 305 1187 Cfr.
320 1149 333 1186 ε
347 1132 396 1186 121
410 1148 473 1216 sqq.
494 1133 533 1199 ὣς
553 1135 603 1199 μὲν
615 1133 658 1188 ὅτ’
668 1133 792 1202 Ὠρίων’
804 1135 884 1189 ἕλετο
898 1136 1106 1202 ῥοδοδάκτυλος
1117 1136 1196 1203 Ἠώς,
1215 1137 1310 1205 τόφρα
1429 1105 1431 1109 ί

138 1223 165 1277 οί
184 1215 311 1289 ἠγάασθε
331 1225 390 1277 θεοῖ
408 1224 468 1290 ῥεῖα
487 1225 616 1291 Ζώοντες,
635 1220 687 1290 ῆος
700 1224 730 1278 ἐν
743 1223 876 1292 Ὀρτυγίῃ
896 1226 1085 1293 χρυσόθρονος
1097 1225 1226 1292 Ἄρτεμις
1238 1227 1309 1291 άγνὴ

136 1314 180 1379 οῖς
199 1315 329 1378 ἀγανοῖσι
349 1315 473 1380 βέλεσσιν
492 1315 660 1387 ἐποιχομένη
683 1317 869 1384 κατέπεφνεν,
888 1313 1110 1386 Apollod.127.
1132 1345 1164 1355 -
1185 1316 1310 1370 Nonnus

136 1405 210 1470 Δηώ
231 1409 322 1459 vocat
340 1404 541 1472 άμαλλοφδρον
560 1404 596 1458 Ι).
617 1405 659 1472 17,
680 1404 739 1459 153.

691 1568 763 1634 122.

734 1691 810 1758 οὐδὲ
836 1696 964 1771 νεογνοὶ

378 1805 493 1882 παῖδες
516 1801 706 1881 ἐδιζήσαντο
730 1801 890 1882 πελώριον
914 1799 1074 1881 ’ωρίωνα
1127 1789 1131 1795 ί
1242 1881 1246 1886 ,

245 1926 352 1994 Schol.
370 1927 543 1994 Ατα11324
567 1927 616 1993 ὅτι
640 1929 675 1993 δὲ
692 1928 756 2008 ἔχει
772 1928 803 2009 (ὁ
820 1925 965 2010 ’ωρίωώ
989 1929 1120 2008 σφόδρα
1140 1930 1310 2010 ’λαμπροὺς

138 2037 291 2120 ἀστέρας,
316 2037 367 2101 καὶ
391 2034 529 2115 μάλιστα
553 2037 710 2114 μὲντοὺς
735 2036 772 2101 τὸ
796 2039 884 2127 ζώμα
903 2035 1156 2120 ἀποτελοῦντας,
1180 2038 1312 2118 ἑτέρους

136 2146 172 2209 δὲ
197 2143 371 2223 τούςπερῖ
396 2143 514 2228 <τοὺς>
539 2142 672 2223 ἱμάντας
696 2146 748 2210 καί
773 2143 871 2229 <τοὺς
894 2143 952 2226 τὸ)
978 2144 1072 2223 ξίφος
1096 2145 1311 2225 μιμουμένους

136 2254 189 2317 καί
213 2251 273 2316 δύο
296 2252 464 2332 λαμπροὺς
492 2252 568 2330 τούς
594 2251 642 2316 ἐπ’
669 2251 777 2332 ἄκρων
800 2255 923 2335 ποδῶν,
953 2252 1035 2332 φησὶ
1063 2253 1114 2318 καὶ
1139 2251 1311 2332 Εὐφορίων

138 2357 237 2424 (οὐδέ
261 2362 327 2424 κτλ.

637 2503 700 2568 123
725 2503 828 2585 (145).

247 2626 356 2694 οιιιοι.
381 2628 443 2713 Ap.
469 2627 528 2696 ιιι.
555 2628 570 2692 1
597 2629 659 2694 ιιο
692 2667 735 2675 -
769 2607 866 2707 οὗτος
901 2629 1042 2709 (τερος)
1076 2630 1112 2693 ιι
1144 2629 1180 2695 ει
1202 2611 1312 2694 “Aaou
1367 2696 1370 2703 ,

135 2735 348 2815 τετιμώρηται
372 2736 424 2800 διὰ
447 2736 485 2800 τὸ
506 2737 542 2824 ἐν
556 2736 690 2803 Πυθώνι
707 2736 925 2814 στελλομένην
948 2737 1122 2816 κατασχεῖν
1145 2737 1204 2814 τὴν
1220 2735 1312 2814 Λητώ
1407 2790 1421 2832 l.

137 2845 171 2924 (λ
188 2842 278 2925 580),
304 2843 348 2921 ιίις
373 2845 423 2907 καὶ
446 2842 590 2924 Ὅμηρος
614 2843 740 2909 ’Τιτυὸν
765 2844 858 2925 Γαίης
883 2841 963 2908 υἱόν
989 2844 1023 2925 (η>
1037 2843 1125 2924 324).
1163 2843 1234 2907 ὁδὲ
1255 2842 1313 2908 Εὐ-

136 2950 267 3030 φορίων
298 2948 481 3030 Ἀρτέμιδός
515 2964 618 3031 φησιν
649 2951 750 3018 αὐτὸν
785 2949 886 3030 ἧφθαι
918 2952 969 3015 καὶ
1003 2950 1055 3014 διὰ
1088 2953 1185 3014 τοιῖτο
1220 2972 1311 3029 τιμω-
1433 2935 1436 2939 ’

137 3060 275 3137 μεῖσθαι.

628 3203 690 3268 124
717 3203 820 3285 (131).

247 3326 355 3395 Schol.
373 3327 432 3394 Al)
449 3328 543 3393 Hom.
567 3329 682 3393 3212.
718 3328 806 3394 Οἰνεῖ
830 3327 1025 3418 ἀμελήσαντι
1048 3331 1105 3406 τῆς
1130 3312 1312 3407 Ἀρτέμιδος

138 3441 263 3501 θυσιῶν
294 3434 389 3500 ένεκα
411 3435 431 3513 ἡ
456 3436 530 3516 θεὸς
556 3434 747 3514 ὀργισθεῖσα
778 3435 902 3516 έπεμψε
925 3441 963 3520 τῇ
987 3435 1080 3500 πόλει
1104 3437 1167 3499 σιῖν
1190 3432 1312 3514 ἄγριον,

138 3540 193 3623 ἐφ’
218 3543 258 3616 ὃν
280 3541 357 3621 ἦλθε
381 3535 533 3622 στρατεία
561 3547 627 3609 τών
651 3542 812 3622 ἀριστέων
835 3547 892 3628 λῆς
916 3542 1082 3624 Ἑλλάδος,
1111 3541 1220 3620 ἐπειδὴ
1245 3542 1313 3606 ἐλυ·

138 3651 271 3731 μαίνετο
294 3651 496 3734 τὴνχώραν,
521 3650 567 3728 ώς
591 3634 694 3730 φησιν
717 3650 887 3730 ὁποιητὴς
912 3651 948 3714 ἐν
971 3650 1213 3735 τῇ11533σεμ).
1245 3647 1312 3729 μεθ’

137 3756 187 3837 ὧν
211 3757 250 3837 ἦν
274 3759 325 3822 καὶ
349 3758 367 3822 ὁ
393 3759 561 3840 Θερσίτης,
591 3759 628 3837 ὃς
654 3760 817 3836 δειλωθεὶς
843 3740 1014 3837 ’κατέλειψε
1043 3759 1101 3836 τὴν
1125 3762 1314 3838 παραφυλα-

137 3867 209 3948 κήν,
233 3863 285 3945 ἐφ’
311 3865 349 3944 ἦς
373 3865 424 3948 ἠν,
449 3868 499 3930 καὶ
523 3865 667 3944 ἀπῆλθεν
691 3866 742 3931 ἐπί
765 3886 837 3931 τινα
860 3866 963 3931 τόπον
986 3866 1115 3945 ὑψηλὸν
1131 3867 1189 3944 τήν
1213 3879 1314 3945 σωτη-

139 3973 213 4053 ρίαν
236 3974 433 4052 θηρώμενος.
481 3973 717 4052 ὀνειδιζόμενος
742 3974 777 4037 δὲ
801 3973 865 4037 ὑπὸ
882 3972 1073 4052 Μελεάγρου
1089 3973 1239 4040 ἐδιώκετο
1262 3973 1313 4037 καί

139 4081 220 4145 κατὰ
247 4085 388 4161 κρημνοῦ
417 4083 529 4146 πεσὼν
561 4085 710 4159 τοιοῦτος
732 4080 877 4160 ’ἐγένετο
911 4079 982 4147 οίον
1006 4080 1024 4144 ὁ
1047 4080 1190 4160 Ὅμηρος
1214 4080 1313 4145 αὐτὸν

138 4189 348 4268 παρίστησιν.
371 4189 495 4268 ἱστορεῖ
519 4189 702 4270 Εὐφορίων.

248 4310 308 4367 Cfr.
328 4312 418 4366 schol.
432 4312 483 4382 TV
501 4312 586 4367 Hom.
603 4312 698 4367 3212.
735 4314 896 4381 Φερεκύδης
915 4314 946 4366 δὲ
966 4316 1012 4366 καῖ
1031 4317 1135 4367 τοθτον
1154 4311 1315 4380 (Θερσίτην)

140 4403 190 4456 ἕνα
209 4407 269 4457 τών
289 4404 334 4458 ἐπί
352 4404 403 4456 τὸν
424 4404 600 4459 Καλυδώνιον
629 4404 738 4471 κάπρον
762 4405 998 4470 στρατευσάντων
1022 4404 1121 4471 φησίν·
1152 4403 1315 4458 ἐκκλίνοντα
