2902 4958
558 239 732 297 -γρ-

563 422 625 487 138
651 422 731 503 (ω).

207 568 338 632 Μοῦσαι
361 566 556 644 ἐποιήσαντο
580 568 632 630 καὶ
655 565 895 646 ἀπροτίμαστος
919 565 1074 646 Ὅμηρος.
1110 557 1113 565 “

80 743 83 748 -
114 674 121 745 Ῐ
162 692 270 757 Schol.
285 681 341 773 (ss)
358 693 416 756 TV
434 692 527 756 Hom.
552 691 940 790 Ῐ263άπροτίμαστος]
965 691 1151 773 ἀνέπαφος·
1177 692 1232 771 μά-

51 805 175 865 σασθαι
199 801 259 879 γὰρ
284 802 321 864 τὸ
345 799 550 879 ἐφάψασθαι·
575 801 680 863 -καὶ
705 799 891 879 Εὐφορίων·
923 797 1074 863 ’Μοῦσαί
1098 804 1164 864 κτλ.

163 925 266 978 Exser.
287 924 422 978 Eustath.
438 941 466 994 p.
481 924 559 992 1183,
577 924 619 978 31.
650 923 673 976 B
697 924 739 977 nil
767 925 825 977 nisi
854 923 1072 991 ’ἀπροτίμαστος
1095 923 1230 989 Ὅμηρος
1343 933 1346 936 ’

52 1015 91 1068 de
111 1014 315 1084 Euphorionis
335 1029 426 1069 versu
447 1015 590 1068 servavit.
610 1042 644 1052 -
664 1013 820 1080 ποιήσαντο
842 1013 924 1067 Eust.

453 1150 461 1167 '
497 1221 499 1225 y
552 1176 614 1240 139
640 1175 743 1256 (ιιο).
791 1187 793 1190 ⁴

163 1303 275 1388 Steph.
300 1305 379 1388 Byz.
404 1324 435 1387 p.
454 1303 541 1383 45,1
570 1300 677 1383 Αίγυς,
706 1301 801 1380 πόλις
831 1300 1025 1382 Λακωνικῆς,
1060 1301 1104 1379 ὡς
1130 1301 1233 1382 Εὐφο-

54 1412 148 1490 ρίων.
173 1410 203 1473 ολ
227 1411 355 1472 πολῖται
380 1407 519 1487 Αἰγῦται,
545 1406 589 1484 ὼς
613 1405 806 1483 Παυσανίας
832 1407 894 1486 (ΙΙΙ
911 1407 1002 1488 2,5).
1053 1406 1233 1486 Λυκόφρων

53 1520 90 1581 δὲ
121 1518 159 1581 τὸ
192 1516 319 1580 ἐθνικὸν
347 1515 475 1592 Αίγυος,
508 1515 545 1578 τὸ
578 1515 718 1591 θηλυκόν
753 1513 861 1589 λέγων’
891 1513 995 1591 οὕτως
1028 1512 1091 1578 ςκαὶ
1127 1514 1233 1579 πάντα

51 1621 208 1704 τλήσεσίλ
243 1620 347 1688 οὕνεκ’
377 1622 495 1700 Αἰγύυς
528 1621 636 1703 κυνός,
661 1626 718 1699 τῆς
747 1620 945 1700 θηλύπαιδος
979 1623 1029 1685 καὶ
1063 1621 1233 1700 τριάνορος

51 1730 165 1813 κόρης
189 1732 349 1813 (850sq.).

166 1857 246 1921 αἴγυς
266 1853 352 1923 RPA,
374 1855 453 1921 αἰγυς
471 1853 506 1907 V.
528 1883 558 1893 -
579 1855 726 1920 Λακωνική
746 1851 782 1907 Α.

564 2019 628 2083 140
653 2020 733 2100 (10).

287 2143 389 2210 ὐδατα
413 2145 579 2222 δινήεντος
603 2144 831 2224 άμευσάμενος
855 2141 1002 2222 Ἀθύραο.

165 2286 278 2373 steph.
295 2289 373 2372 Byz.
390 2309 422 2373 p.
440 2288 494 2369 35,
512 2288 551 2350 21
579 2286 725 2366 Ἀθύρας,
750 2287 891 2352 ἐπίνειον
915 2288 966 2351 καὶ
990 2288 1136 2365 ποταμός
1160 2287 1235 2383 περὶ

47 2399 92 2462 τὸ
121 2395 305 2461 Βυζάντιον.
331 2394 398 2459 ἔστι
423 2396 458 2458 δὲ
482 2396 533 2458 καὶ
556 2395 678 2471 κόλπος
702 2392 848 2473 Ἀθάρας.
878 2394 1015 2458 κλίνεται
1041 2395 1076 2457 δὲ
1101 2394 1234 2457 ἰσοσυλ-
1295 2384 1297 2388 ί
1425 2391 1434 2454 1

50 2505 178 2587 λάβως,
203 2503 248 2581 ὡς
275 2503 448 2582 Εὐφορίων
470 2500 592 2566 ζὕδατα
616 2505 682 2567 κτλ.

553 2665 613 2727 141
641 2662 742 2744 (115).

167 2804 280 2890 Steph.
298 2806 376 2890 Byz.
401 2826 433 2890 p.
452 2806 505 2886 18,
526 2807 566 2868 14
590 2804 772 2888 Ἄλπωνος,
796 2805 890 2884 πόλις
915 2808 966 2870 καὶ
990 2805 1067 2886 ὄρος
1084 2807 1120 2871 έν
1134 2807 1235 2871 Μακε-
1287 2890 1289 2892 ¹
1317 2799 1321 2808 ’

50 2914 162 2996 οονίᾳ,
187 2913 232 2991 ως
257 2912 440 2992 Εὐφορίων.

167 3037 273 3100 ἄπονος
292 3037 324 3104 Ρ,
348 3037 496 3102 Ἄλκωνος
522 3040 598 3105 συλλ,
623 3037 784 3104 εὐφρονίων
803 3037 835 3092 Ρ.
879 3038 1103 3108 Euphorionem
1129 3039 1166 3091 de
1185 3038 1235 3092 ΑΙ-

52 3127 161 3203 mppia
174 3127 239 3192 (cfr.
253 3126 401 3196 Lycophr.
413 3127 503 3194 1238),
523 3142 584 3181 non
599 3126 636 3181 de
646 3127 765 3197 Alpono
780 3132 878 3197 egisse
892 3129 1063 3198 suspicatur
1076 3127 1235 3182 Guenther

53 3217 104 3273 De
115 3232 160 3283 ου,
172 3231 251 3285 quae
262 3217 341 3270 inter
352 3216 585 3286 Lycophronem
597 3223 626 3272 et
638 3217 796 3272 Timaeum
809 3218 977 3282 intercedit,
988 3218 1105 3273 ratione
1117 3233 1145 3286 p.
1156 3218 1199 3287 13.

566 3383 629 3446 ιω
654 3380 734 3468 (ου).

255 3510 415 3588 δεξιτερὴν
431 3499 598 3588 ’ὑπερέσχε
623 3512 674 3574 καὶ
699 3510 839 3589 ὀχθηρῆς
865 3510 1041 3590 Γερανείης.

167 3652 275 3736 Etym.
293 3653 334 3717 M.
352 3675 384 3739 p.
401 3654 477 3736 228,
495 3654 537 3717 20
563 3652 726 3732 Γεράνεια·
753 3653 831 3733 όρος
849 3653 1018 3734 Μεγάρων.
1045 3652 1234 3732 Εὐφορίων·

59 3759 252 3844 (δεξιτερὴν
277 3759 433 3839 ὑπερέσχε
455 3760 526 3844 καὶ>
553 3763 634 3842 (νου.
653 3782 670 3826 e
687 3762 725 3842 B)
744 3761 883 3840 όχθηρῆς
901 3757 1088 3840 Ιερανείης’.
1114 3759 1236 3839 εἴρηται

58 3867 104 3943 δέ,
130 3865 180 3930 ὅτι
205 3855 373 3946 Μεγαρεὺς
405 3867 530 3947 ὁΔιός
559 3869 609 3932 καὶ
644 3871 717 3948 μιᾶς
747 3872 812 3932 τῶν
843 3869 1051 3947 καλουμένων
1081 3867 1234 3935 (ιθνίδων

59 3974 121 4055 (sic
142 3973 309 4038 Berkelius
327 3995 383 4058 pro
408 3976 540 4055 θηίλων)
566 3981 702 4054 νυμφῶν
726 3979 783 4039 τοῦ
808 3979 1032 4055 κατακλυσμοῦ
1057 3975 1234 4054 γενομένου

58 4083 143 4162 πρὸς
166 4085 282 4161 φωνὴν
305 4082 453 4162 γεράνων
473 4085 656 4163 γνηχόμενος
681 4084 870 4164 προσέφυγε
887 4089 924 4167 τῇ
943 4083 1023 4166 ἄκρᾳ
1041 4063 1099 4147 τοίι
1124 4081 1234 4163 ὄρους.

58 4189 125 4253 ἀπὸ
150 4191 186 4253 δὲ
209 4192 274 4253 τῶν
298 4190 444 4268 γεράνων
470 4182 638 4269 Γεράνειαν
662 4190 819 4256 ἐκάλεσαν
843 4191 901 4254 τὸν
923 4189 1035 4255 τόπον.

168 4309 291 4381 Supple,
315 4313 339 4365 si
359 4312 586 4391 Ιίόα1,όράξατο
611 4314 659 4368 vel
683 4315 748 4368 sim.
777 4313 901 4381 όχθηρός
930 4329 990 4368 vox
1013 4312 1236 4384 Lycophronea

59 4400 151 4469 (1030,
172 4401 260 4466 1361).
