2902 4958
734 199 909 254 -34,

232 379 380 459 ἐρασθείς
404 378 510 444 πολλὰ
534 379 673 442 ἐποιεῖτο
698 378 743 456 εἰς
772 380 809 442 τὸ
838 380 1104 457 προσαγαγέσθαι
1128 381 1186 457 τὴν
1210 380 1319 457 κόρην.
1371 378 1415 457 ὼς

233 490 268 552 δὲ
293 488 396 566 ἐκείνη
421 488 460 551 οὐ
489 487 574 551 πάνυ
605 487 764 566 ἐνεδίδου,
798 487 959 551 ἐνενοεῑτο
988 486 1075 571 δόλῳ
1104 488 1155 550 καί
1188 485 1294 570 ἀπάτῃ
1328 508 1415 565 περι-

232 596 383 671 γενέσθαι
406 594 514 673 αὐτῆς.
559 593 782 672 πορευομένην
806 592 866 657 οὖν
890 614 968 658 ποτε
992 594 1055 657 σὺν
1085 594 1335 671 θεραπαινιδίοις
1362 594 1413 658 ἐπί

130 761 132 765 ,
232 725 262 767 τι
285 706 350 767 τῶν
374 705 534 786 πατρῴων
564 702 703 782 χωρίων,
737 701 920 778 ὃπλησίον
943 706 1000 779 τῆς
1026 701 1197 780 θαλάσσης
1222 701 1335 783 έκειτο,
1363 705 1413 765 lo·

233 812 337 890 χήσας
362 809 455 875 εἷλεν.
503 809 548 887 ὡς
573 811 608 872 δέ
633 809 735 886 ἐκείνη
767 809 850 872 πολὺ
880 811 1002 887 μάλλον
1036 809 1217 888 ἀπεμάχετο
1250 811 1321 887 περὶ
1356 814 1414 887 τῆς

233 918 419 996 παρθενίας,
436 912 597 995 ὀργισθεὶς
614 917 804 995 Τράμβηλος
821 915 952 995 ἔρριψεν
969 916 1069 993 αὐτὴν
1087 917 1132 994 εἰς
1150 919 1208 994 τὴν
1224 917 1411 981 θάλασσαν·

233 1025 387 1104 ἐτύγχανε
411 1027 447 1089 δέ
471 1024 645 1109 ἀγχιβαθὴς
670 1023 765 1087 οὖσα.
816 1025 868 1088 καὶ
893 1026 911 1102 ἣ
936 1026 993 1103 μὲν
1017 1023 1079 1102 ἄρα
1103 1023 1208 1103 οὕτως
1238 1024 1412 1088 ἀπολώλει.

233 1133 317 1210 τινές
334 1133 440 1212 μέντοι
462 1131 591 1211 ἔφασαν
608 1133 804 1210 διωκομένην
821 1132 938 1209 ἑαυτὴν
954 1132 1046 1211 ῥίψαι
1069 1131 1186 1208 (adeor.
1203 1154 1251 1211 γρ.
1269 1133 1411 1210 Ἀριστό-

235 1261 340 1320 κριτος
365 1241 400 1304 ἐν
423 1243 493 1318 τοῖς
517 1241 588 1318 περὶ
614 1240 785 1320 Μιλήτου).
827 1240 1020 1319 Τράμβηλον
1037 1241 1071 1303 δὲ
1088 1240 1127 1304 οὐ
1144 1240 1227 1304 πολὺ
1245 1241 1413 1318 μετέπειτα

234 1348 316 1425 τίσις
341 1347 519 1426 ἐλάμβανεν
543 1347 577 1409 ἐκ
601 1350 694 1411 θεῶν.
741 1347 850 1423 ἐπειδὴ
874 1347 935 1424 γὰρ
961 1348 1124 1425 Ἀχιλλεὺς
1149 1347 1183 1411 ἐκ
1206 1350 1263 1426 τῆς
1286 1349 1412 1426 Λέσβου

233 1456 358 1532 πολλὴν
387 1455 476 1519 λείαν
507 1453 748 1532 ἀποτεμόμενος
779 1454 909 1532 ἤγαγεν,
944 1453 1040 1532 οὗτος
1070 1455 1279 1533 ἐπαγομένων
1311 1453 1412 1518 αὐτόν

236 1569 302 1627 τῶν
326 1562 491 1640 ἐγχωρίων
516 1563 636 1641 βοηθὸν
661 1563 851 1625 συνίσταται
875 1561 972 1647 αὐτῷ.
1020 1561 1097 1625 ἔνθα
1128 1564 1165 1638 δὴ
1199 1563 1332 1638 πληγεὶς
1368 1561 1411 1638 εἰς

237 1671 277 1734 τὰ
294 1671 414 1748 στέρνα
430 1673 622 1747 παραχρῆμα
638 1669 751 1732 πίπτει.
784 1668 944 1746 ἀγάμενος
962 1669 996 1732 δὲ
1012 1673 1070 1747 τῆς
1087 1667 1185 1745 ἀλκῆς
1202 1668 1301 1731 αὐτόν
1314 1665 1412 1747 Ἀχιλ-

235 1779 310 1856 λεὺς
327 1777 372 1841 ἔτι
388 1776 531 1856 ἔμπνουν
548 1775 722 1854 ἀνέκρινεν,
741 1776 831 1853 ὅστις
847 1797 881 1840 τε
897 1776 937 1854 ἦν
954 1778 1004 1840 καὶ
1021 1776 1152 1841 ὁπόθεν.
1188 1776 1256 1839 ἐπεὶ
1273 1777 1309 1839 δέ
1326 1774 1411 1852 ἐγνω

235 1888 335 1948 παῖδα
359 1884 553 1963 Τελαμῶνος
587 1883 676 1966 ὄντα,
711 1884 817 1947 πολλὰ
850 1887 1107 1963 κατοδυρόμενος
1135 1884 1187 1947 ἐπὶ
1215 1887 1272 1961 τῆς
1297 1883 1411 1961 ἠϊόνος

234 1992 315 2071 μέγα
338 1995 429 2070 χῶμα
453 1991 573 2070 έχωσε·
597 1995 695 2054 τοῦτο
720 1990 765 2054 ἔτι
789 1995 848 2055 νῦν
872 1992 980 2076 ἡρῷον
997 1992 1187 2070 Τραμβήλου
1211 1994 1366 2056 καλεῖται.

298 2176 302 2181 ,
344 2115 509 2180 Trambeli‚
551 2115 722 2169 Theanirae
755 2116 818 2183 filii,
844 2117 1026 2170 mentionem
1060 2117 1133 2169 facil
1158 2115 1320 2185 Lycophro
1348 2117 1411 2170 467.

239 2207 384 2274 Απριάτην
405 2206 627 2274 Euphorionem
652 2205 819 2259 secundum
838 2206 925 2259 Hom.
940 2207 961 2259 Α
974 2206 1008 2260 99
1027 2206 1175 2259 adverbio
1196 2206 1336 2272 ἀπριάτην
1358 2223 1411 2276 ρτο

198 2292 201 2297 ’
237 2297 360 2351 nomine
395 2297 518 2366 proprio
556 2301 681 2364 accepto
721 2296 848 2349 finxissse
886 2297 1058 2364 suspicatur
1095 2295 1223 2364 Tiimpel
1261 2296 1336 2348 Phil.
1371 2296 1411 2350 IL

235 2403 262 2455 p.
278 2386 330 2439 108
343 2401 415 2454 sqq„
435 2384 488 2438 sed
509 2386 560 2438 cfr.
581 2401 608 2454 p.
628 2385 670 2438 32.

793 2530 846 2595 24.

381 2670 498 2751 ἀνέρος
522 2671 718 2753 ἀρράτοκο>
744 2671 871 2750 φόωσδ’
896 2671 958 2736 ἀνά
983 2673 1139 2753 Κέρβερον
1164 2672 1259 2738 ἄξων.

339 2798 446 2882 Etym.
472 2797 552 2863 Gen.
576 2817 601 2862 s.
631 2795 787 2875 ἄρρατος·
817 2796 988 2876 Εὐφορίων
1013 2799 1048 2862 ἐν
1073 2800 1188 2883 Θρᾳκί·
1214 2799 1341 2880 (ἀνέρος
1369 2839 1411 2848 -

234 2905 337 2973 ἄξων’.
385 2909 436 2971 καί
459 2906 601 2970 Πλάτων
631 2905 788 2985 (μνήμονα
812 2909 850 2983 δὴ
874 2908 925 2969 καὶ
950 2906 1092 2986 ἄρρατον
1115 2911 1166 2971 καὶ
1189 2908 1292 2993 πάντῃ
1318 2912 1411 2989 φιλό-

233 3034 336 3079 πονον
360 3015 522 3093 Ζητητέον’
545 3014 626 3093 (Ροί.
647 3014 708 3078 Vll
732 3015 853 3094 5353).
901 3013 972 3079 οἷον
1000 3014 1178 3098 ἄφθαρτος,
1213 3016 1231 3080 ό
1255 3018 1296 3095 μὴ
1322 3017 1411 3096 ῥαιό-

234 3129 341 3203 μενος,
370 3122 411 3185 ἵν’
437 3123 455 3206 ᾗ
479 3121 497 3185 ό
522 3121 795 3200 ἀκαταγώνιστος.
829 3124 848 3199 ἢ
878 3122 1156 3204 όάνέκφραστος,
1190 3123 1330 3203 ἄρρητός
1363 3149 1411 3206 τις

234 3229 293 3295 ἄν·
320 3231 338 3307 ἢ
364 3230 511 3308 ἰσχυρός·
537 3231 556 3307 ἢ
581 3230 783 3308 δυσκίνητος.
831 3229 990 3309 Φρύνιχος
1015 3232 1051 3295 δέ
1075 3230 1139 3295 ἀπὸ
1163 3235 1220 3295 τοῦ
1246 3232 1303 3314 ῥάι,
1328 3232 1411 3297 οὗὸ

234 3340 360 3416 μέλλων
384 3337 486 3419 ῥάσω,
512 3337 557 3414 ως
582 3337 704 3420 δράσω,
729 3338 826 3417 βατός
843 3340 901 3429 καί
925 3337 1075 3417 ἄρρατος.
1123 3340 1292 3429 Μεθόδιος.

343 3462 366 3515 1.
397 3462 513 3527 ἀρρατοι
541 3461 602 3529 ΑΒ,
637 3461 770 3528 ἀρράτοιο
805 3461 907 3516 Miller.
941 3462 1069 3516 Knaack
1104 3462 1215 3529 (Herm.
1242 3463 1333 3531 XXV,
1365 3468 1412 3529 87>

234 3551 331 3620 suppl.
351 3550 516 3619 ἐννεσίῃσιν.
535 3580 567 3588 -
585 3551 610 3605 2.
631 3552 662 3604 ἐν
682 3553 781 3618 θράικη
802 3551 836 3617 Α,
857 3569 912 3606 om.
932 3551 964 3605 B.
980 3581 1012 3590 —
1028 3550 1087 3606 Cfr.
1101 3552 1176 3607 Plat.
1191 3552 1302 3622 Cralyl.
1316 3555 1410 3611 4071)

233 3642 266 3693 τὸ
288 3642 409 3707 σκληρόν
429 3657 460 3693 τε
480 3643 524 3694 καλ
544 3642 769 3711 ἀμετάστροφον,
788 3644 804 3696 ὃ
823 3644 857 3708 δὴ
878 3644 1000 3709 ἄρρατον
1020 3645 1150 3696 καλεῖται.

794 3787 847 3853 25.

401 3912 521 3993 τύμβος
545 3882 609 3978 ὑπὸ
633 3918 780 3992 κνημοῖσι
805 3915 1051 3993 πολυσχεράδος
1069 3913 1243 3979 Μυκόνοιο.

341 4037 449 4104 Sehol.
474 4039 595 4104 (ἄσκιον.
621 4039 732 4104 Φ319
758 4038 823 4119 (ed.
842 4039 967 4119 Nicole)
1002 4043 1086 4119 τινὲς
1116 4041 1280 4121 γράφουσι
1311 4041 1409 4128 <διὰ>

122 4132 123 4135 “
233 4145 292 4210 δύο
309 4149 331 4208 σ
346 4145 427 4224 (ἅλις
444 4145 623 4227 σχεράδος,
648 4147 716 4210 ἐπεὶ
734 4146 905 4226 Εὐφορίων
922 4147 956 4211 ἐν
974 4148 1073 4230 θρᾳκί
1090 4148 1202 4228 (θράκη
1220 4149 1305 4223 eod.)
1322 4151 1411 4232 ’τύμ-

234 4257 290 4334 βος
314 4289 357 4301 -
382 4253 570 4319 Μυκόνοισ.
607 4239 855 4333 Ἀπολλόδωρος
879 4256 915 4319 δέ
939 4272 1021 4335 φησι
1042 4258 1201 4336 περισσόν
1224 4258 1261 4321 τὸ
1286 4263 1309 4322 σ
1329 4257 1409 4339 παρ’

232 4360 319 4447 αὐτῷ
344 4360 434 4444 εἶναι,
460 4361 505 4440 ὡς
530 4357 604 4443 παρ’
629 4360 756 4447 Ὁμήρῳ
780 4363 867 4440 ’γαῖα
890 4365 1078 4443 φερέσβιος
1102 4365 1156 4445 (Η.
1171 4364 1231 4448 Ap.
1249 4364 1328 4442 341)
1344 4373 1410 4435 ete.
