2902 4958
636 219 812 272 ..21-

94 479 96 484 ⁸
247 399 298 462 10.
336 397 448 462 Cicero
484 394 524 459 de
557 395 656 460 divin.
681 396 789 472 1164,
816 396 894 461 132:
933 394 1044 472 Quid?
1077 402 1174 481 poeta
1206 417 1311 479 nemo,

134 523 229 568 nemo
272 504 424 589 physicus
466 501 644 579 obscurus?
685 502 730 566 illi
769 522 855 567 vero.
895 503 989 567 nimis
1028 504 1124 568 etiam
1158 504 1311 569 obscurus

134 610 314 695 Euphorio:
340 617 373 675 at
397 631 461 675 non
484 611 650 675 Homerus.
675 616 745 673 uter
768 609 866 692 igitur
889 609 1024 675 melior?

247 738 297 799 11.
322 735 419 801 Clem.
437 736 486 800 Al.
504 736 621 801 Strom.
641 736 677 799 V.
696 736 726 816 8,
743 736 787 799 50
805 735 977 815 Εὐφορίων
994 735 1056 814 γὰρ
1073 735 1092 799 ὁ
1108 737 1243 816 ποιητὴς
1260 738 1310 800 καὶ

134 843 176 906 τὰ
201 844 401 922 Καλλιμάχου
421 843 509 908 Αἴτνα
532 845 583 906 καὶ
607 844 626 920 ἡ
650 843 861 922 Λυκόφρονος
887 842 1078 921 Ἀλεξάνορα
1102 844 1153 907 καὶ
1176 843 1215 907 τὰ
1238 842 1310 907 τού-

134 971 205 1028 τοις
230 951 441 1029 παραπλήσια
464 952 644 1030 γυμνάσιον
668 951 713 1029 εἰς
744 953 894 1030 ἐξήγησιν
922 956 1147 1029 γραμματικῶν
1177 951 1310 1015 ἔκκειται

135 1057 259 1121 παισίν.

245 1181 286 1233 19.
307 1181 461 1255 Meleager
479 1184 509 1234 in
530 1184 684 1251 prooemio
704 1181 749 1244 (A.
763 1181 793 1235 P.
809 1182 848 1235 IV
863 1183 890 1249 1)
910 1197 942 1236 se
968 1183 1101 1236 inserere
1127 1181 1200 1235 dicit
1226 1197 1310 1235 coro-

135 1285 196 1324 nae
208 1284 283 1323 suae
297 1273 336 1334 (v.
350 1270 395 1338 23)
415 1271 530 1336 luxvlbu
547 1269 572 1324 τ’
593 1270 781 1338 Εὐφορίωνος.
802 1270 988 1339 Lychnidem
1008 1271 1039 1323 in
1059 1272 1212 1325 amatoriis
1231 1271 1311 1324 ilori·

136 1361 195 1413 bus
215 1375 233 1412 a
252 1361 407 1414 veteribus
427 1360 560 1414 habitam
580 1376 644 1414 esse
658 1360 789 1415 ostendit
808 1360 896 1414 Mein.
916 1377 944 1430 p.
958 1360 1000 1414 25.
1082 1401 1085 1410 .

247 1469 298 1532 13.
324 1468 435 1533 Cicero
453 1470 548 1534 Tuso.
566 1469 615 1534 Ill
635 1469 685 1547 19,
710 1470 753 1532 45
770 1469 926 1553 appositis
942 1469 1037 1534 Ennii
1053 1469 1132 1535 loeis
1151 1468 1310 1534 nonnullis

135 1578 184 1641 sic
207 1577 326 1660 pergit:
352 1576 378 1641 0
404 1584 531 1660 poetam
556 1577 736 1659 egregium!
768 1597 960 1659 quamquam
989 1578 1031 1642 ab
1054 1576 1102 1642 his
1127 1577 1311 1642 cantoribus

137 1683 354 1768 Euphorionis
378 1684 600 1748 contemnitur.

246 1789 395 1844 Catullum
416 1789 520 1844 Cicero
546 1795 663 1860 spectat
690 1795 782 1860 atque
802 1789 974 1845 Cornelium
994 1789 1122 1845 Gallum.
1161 1788 1207 1843 De
1225 1787 1312 1847 Gallo

135 1880 256 1933 dubitat
269 1877 368 1933 Adolf.
384 1877 556 1948 Gandiglio,
576 1878 720 1934 Cantores
734 1880 937 1950 Euphorionis
953 1879 1029 1947 1904,
1043 1894 1157 1934 recens.
1178 1877 1211 1930 R.
1222 1876 1310 1931 Helm

135 1969 240 2040 BphW
261 1969 330 2023 1905
349 1986 378 2039 p.
393 1969 444 2035 193
458 1985 520 2038 sqq.

251 2079 301 2143 14.
327 2077 458 2155 Quintil.
483 2078 556 2142 inst.
582 2078 611 2141 X
632 2081 661 2162 l,
677 2079 739 2143 56:
764 2079 872 2157 Quid?
896 2077 1134 2163 Euphorionem
1165 2075 1310 2142 transibi-

135 2183 230 2251 mus?
255 2204 347 2267 quem
371 2185 431 2250 uisi
455 2185 624 2269 probasset
649 2186 819 2268 Vergilius,
844 2185 929 2250 idem
954 2205 1114 2268 nunquam
1133 2189 1220 2249 certe
1237 2203 1310 2247 con-

137 2291 278 2357 ditorum
303 2290 490 2358 Chalcidico
515 2311 609 2356 versu
634 2293 809 2357 carminum
834 2293 966 2357 iecisset
990 2291 1023 2356 in
1038 2291 1202 2357 Bucolicis
1224 2309 1310 2354 men·

136 2401 267 2483 tionem.

248 2525 298 2589 15.
325 2524 421 2607 Verg.
446 2525 518 2589 huc.
543 2524 575 2588 X
591 2525 644 2589 50.
693 2524 781 2590 Dicit
805 2525 932 2591 Gallus:

217 2725 219 2728 y
250 2633 311 2697 Ibo
337 2640 377 2713 et,
405 2629 596 2698 Chalcidico
620 2654 705 2717 quae
728 2641 808 2698 aaut
830 2634 913 2698 milti
937 2634 1072 2698 condita
1094 2653 1204 2713 cerea,

253 2740 406 2803 earmina
424 2741 577 2823 pastoris
601 2739 709 2804 siculi
731 2741 930 2805 modulabor
953 2762 1070 2805 αοοαα.

246 2843 403 2898 Adnotant
427 2845 558 2898 Probus:
583 2847 756 2915 Euphorion
777 2847 943 2916 elegiarum
964 2849 1091 2916 scriptor
1105 2838 1311 2901 Chalcidensis

134 2937 202 3002 tuit,
223 2935 309 2987 cuius
329 2935 359 2986 in
379 2934 539 2988 scribendo
560 2939 682 2988 secutus
702 2936 831 2989 colorem
847 2935 967 2988 videtur
979 2934 1135 2990 Cornelius
1149 2933 1262 2990 Gallus.
1276 2964 1310 2972 -

136 3025 270 3092 Philarg.
284 3023 310 3075 I:
324 3025 341 3076 i.
356 3039 380 3076 e.
395 3022 513 3077 Chalcis
528 3025 635 3077 civitas
655 3025 685 3076 in
696 3024 830 3091 Euboea,
849 3025 880 3077 in
900 3039 961 3093 qua
980 3026 1039 3078 fuit
1052 3025 1237 3093 Euphorion,
1257 3025 1310 3093 qui
1345 3038 1349 3047 ·

134 3114 312 3182 Euphorion
335 3113 489 3166 distichico
505 3128 597 3166 versu
611 3129 685 3167 usus
704 3120 757 3167 est.
779 3144 810 3152 -
825 3113 956 3182 Philarg.
970 3113 1013 3167 II‘:
1026 3116 1044 3167 i.
1056 3129 1081 3167 e.
1102 3115 1209 3167 civitas
1230 3115 1309 3167 enim

135 3205 167 3256 in
188 3203 314 3255 Euboea
333 3201 449 3256 Chalcis
473 3202 590 3268 dicitur,
620 3204 650 3255 in
676 3219 736 3271 qua
760 3203 817 3256 fuit
834 3202 1018 3272 Euphorion,
1048 3218 1137 3271 quem
1157 3202 1310 3256 transtulit

136 3289 252 3346 Gallus.
275 3320 306 3327 —
327 3288 467 3344 Servius:
485 3290 670 3358 Euphorion,
691 3306 781 3358 quem
801 3291 955 3344 transtulit
975 3289 1088 3344 Gallus.

249 3417 299 3480 16.
324 3416 455 3481 Servius
485 3414 528 3479 ad
555 3415 650 3498 Verg.
682 3416 740 3480 ecl.
766 3417 797 3480 X
818 3420 849 3479 1:
887 3415 1031 3480 Gallus.
1058 3465 1064 3478 .
1091 3465 1098 3480 .
1128 3416 1190 3480 fuit
1214 3423 1311 3506 poeta

136 3523 290 3601 eximius;
316 3544 388 3587 nam
414 3528 445 3586 et
469 3522 719 3607 Euphorionem,
750 3533 784 3587 ut
807 3543 903 3607 supra
928 3521 1068 3588 diximus
1097 3522 1152 3600 (ad
1180 3523 1240 3588 ecl.
1265 3523 1311 3586 VI

137 3631 266 3696 l2=fr.
286 3631 373 3713 114),
408 3629 569 3694 transtulit
592 3631 624 3693 in
648 3628 798 3694 Latinum
824 3649 1000 3696 sermonem
1025 3638 1058 3695 et
1081 3651 1223 3696 amorum
1240 3651 1310 3696 suo-

135 3758 204 3802 rum
230 3736 271 3802 de
295 3736 471 3820 Cytheride
495 3736 625 3820 scripsit
649 3738 746 3802 libros
770 3742 930 3819 quattuor.

247 3864 295 3927 17.
327 3863 499 3927 Diomedes
523 3862 580 3927 GL
605 3864 619 3926 l
643 3864 719 3942 484,
744 3864 802 3927 21:
834 3862 920 3944 quod
948 3883 1049 3947 genus
1081 3863 1232 3929 carminis
1257 3864 1311 3944 (de

135 3970 243 4052 elegia
271 3967 361 4048 dicit)
394 3970 567 4053 praecipue
600 3971 796 4054 scripserunt
824 3970 910 4054 apud
939 3971 1101 4037 Romanos
1125 3972 1311 4056 Propertius

135 4085 168 4140 et
202 4076 347 4140 Tibullus
381 4083 413 4140 et
442 4076 562 4157 Gallus,
599 4077 714 4141 imitati
749 4077 891 4143 Graecos
924 4077 1154 4143 Callimachum
1186 4085 1218 4143 et
1248 4079 1310 4143 Eu·

136 4183 303 4268 phoriona.

247 4287 293 4340 De
312 4289 489 4342 testimoniis
510 4288 615 4342 15-17
629 4291 681 4344 cir.
695 4291 815 4359 Jacoby
829 4289 865 4343 M.
876 4290 929 4344 Rh.
945 4291 998 4345 LX
1012 4308 1039 4361 p.
1053 4290 1100 4360 523
1118 4291 1161 4358 59,
1174 4291 1204 4359 23
1225 4291 1269 4358 69,
1279 4291 1310 4357 33

135 4377 268 4434 Skutsch
289 4391 353 4430 ene.
373 4377 445 4431 real.
465 4393 488 4430 s.
508 4377 661 4446 Euphorio
682 4396 710 4449 p.
725 4379 802 4432 1177.
