2902 4958
436 224 740 306 V-n-

453 516 551 602 neri
572 538 839 608 Μελοποιωιι.

405 661 447 746 58
473 681 539 763 (aa,
565 681 655 747 rna
679 684 728 747 111
754 684 805 767 τι,
833 684 897 764 ιο).

168 805 287 871 Athen.
311 806 357 870 IV
382 827 412 891 p.
432 807 530 871 184A
561 805 732 887 Εὐφορίων
757 809 785 872 δ’
811 807 829 872 δ
858 809 1013 887 ἐποποιὸς
1038 810 1073 874 ἐν
1096 815 1141 893 τῷ
1165 809 1235 888 περὶ

59 918 246 993 μελοποιῶν
270 915 328 990 τὴν
345 915 410 991 ,μέν
434 913 659 992 μονοκάλαμον
689 914 826 995 σύριγγα
853 916 972 994 Ἑρμῆν
1001 916 1116 998 εὑρεῖν,
1146 916 1246 994 τινὰς,

59 1018 88 1085 δ’
113 1022 258 1098 ἱστορεῖν
282 1020 402 1099 (εύθην
426 1022 477 1084 καὶ
501 1019 664 1100 Ῥωνάκην
680 1019 768 1101 ’τούς
794 1021 949 1102 Μαιδούς,
984 1025 1043 1101 τὴν
1072 1025 1107 1086 δέ
1139 1027 1235 1087 πολυ-

59 1129 207 1206 κάλαμον
231 1127 377 1205 (ιληνύν,
403 1127 563 1205 Μαρσύαν
588 1129 623 1192 δέ
646 1131 705 1207 τὴν
729 1131 913 1209 κηρόδετον.

170 1252 196 1305 2.
226 1255 396 1317 μελοποιιῶν
423 1252 459 1320 A,
493 1268 569 1306 corr.
602 1253 704 1307 Dalec.
739 1283 771 1292 -
805 1255 831 1307 3.
858 1256 926 1318 τοὺς
959 1252 1128 1321 μὴδους.Α,
1162 1269 1235 1308 corr.

57 1338 338 1410 Schweighaeuser.
379 1339 503 1396 Salmas.
524 1357 623 1395 exere.
643 1341 716 1395 Plin.
738 1359 765 1412 p.
790 1344 872 1397 5841)
898 1344 973 1396 coni.
993 1344 1046 1408 τὴν
1066 1344 1096 1397 δέ
1115 1344 1234 1397 πολυκά-

56 1434 148 1496 λαμον
169 1431 287 1497 (ιληνδν
307 1433 453 1500 Μαρσύαν,
473 1434 524 1497 τὴν
544 1434 707 1498 κηρόδετον.

303 1611 526 1679 INOERTAE
552 1611 679 1678 SEDIS
703 1612 986 1680 FRAGMENTA.

577 1755 620 1819 59
646 1754 724 1836 (54).

222 1883 279 1957 τῆς
304 1881 360 1958 μὲν
384 1876 482 1962 ίτῶν,
507 1878 596 1943 ὅσσα
619 1878 693 1958 φύει
718 1879 879 1957 εὐδείελος
903 1878 968 1962 αἶα,

221 1988 240 2064 ἢ
264 1986 360 2065 φύλλ’
386 1988 405 2064 ἢ
430 1986 516 2067 ποίη,
541 1987 623 2071 ὅτεῳ
648 1986 844 2065 ἐγχρίμψατο
869 1986 998 2070 λύθρον,

221 2093 267 2173 ὡς
291 2095 367 2173 πυρὶ
390 2096 596 2174 καρφόμενον
620 2100 757 2177 ψαφαρῇ
779 2094 946 2173 ἰνδάλλετο
963 2096 1073 2180 τέφρῃ.

171 2219 278 2285 Schnl.
296 2220 388 2283 Arati
404 2220 470 2284 519
498 2220 671 2298 καυστικὸς
693 2220 754 2298 γὰρ
777 2219 876 2298 αὐτῆς
902 2219 1039 2304 (hydrae
1054 2221 1233 2303 Lernaeae)

59 2329 150 2393 ἐστιν
175 2327 193 2390 δ
219 2327 277 2404 ἰός.
303 2329 352 2390 καὶ
377 2326 567 2407 Εὐφορίων·
589 2329 658 2407 ’τῆς
683 2328 752 2406 μέν’
775 2331 841 2391 κτλ.

175 2451 198 2503 1.
218 2451 272 2502 ὅσα
296 2449 322 2502 Α
341 2450 417 2518 Ain,
436 2451 454 2515 ἡ
475 2451 526 2514 μέν
543 2449 627 2504 πάνθ’
646 2451 699 2503 ὅσα
718 2467 774 2504 που
795 2467 824 2518 φ.
854 2449 920 2504 Αίά.
945 2452 974 2517 (ἠ
995 2454 1045 2517 μέν
1068 2469 1092 2505 π.
1112 2454 1136 2506 δ.
1156 2470 1184 2506 π.
1204 2472 1234 2521 φ.

57 2541 209 2609 Bentley),
229 2541 357 2594 ὀδόντων
376 2541 546 2609 scripserim
567 2541 630 2602 (cir.
646 2540 742 2609 Apoll.
762 2541 815 2594 Rh.
830 2541 903 2610 Arg.
918 2540 1060 2610 1171512),
1075 2544 1236 2608 οἰγομένας

57 2632 163 2697 έτρεεν,
185 2629 209 2682 δ’
230 2638 297 2698 post
317 2630 390 2698 ὅτεῳ
411 2631 532 2683 inserta.
554 2659 584 2667 -
607 2629 631 2682 9.
652 2631 761 2697 φύλλον
780 2629 845 2695 ΑΜ,
866 2632 974 2697 φύλλον
993 2646 1025 2694 γε
1044 2621 1119 2699 AM,
1143 2634 1236 2699 φυτὸν

58 2719 148 2774 Mein.
169 2726 199 2773 et
218 2718 352 2786 Lobeek,
371 2719 453 2784 φύλλ’
473 2720 580 2772 Maass
604 2749 636 2757 -
660 2719 708 2772 ὅτε
719 2718 754 2784 A,
772 2719 929 2773 ὅτ’ΜΑλιί.
950 2749 982 2759 -
1002 2720 1157 2786 ἐχρίμψατο
1178 2721 1235 2775 AM

57 2809 134 2876 Alii,
159 2810 176 2873 ἢ
203 2808 404 2874 ποίην,δ’τεωι
430 2809 762 2876 έγχρίμψατοὼοδοολ,
788 2810 805 2873 ἢ
830 2809 923 2876 ποίην,
948 2811 1031 2863 ὅτεωι
1065 2811 1234 2877 χριμψαίοτο

56 2898 147 2953 Mein.
182 2927 213 2936 -—
247 2899 359 2964 λύθρον,
389 2899 440 2952 eir.
466 2898 616 2968 Lycophr.
646 2897 707 2952 491.
732 2929 764 2936 —-
790 2899 814 2952 3.
835 2901 1023 2965 καρφῶμενον
1044 2898 1107 2967 AM,
1132 2902 1235 2968 καρφό·

56 3005 128 3054 μενα
153 2987 248 3041 Βουίί.
269 3017 300 3026 -
322 2987 478 3041 ἰνδάλλεται
498 2987 555 3041 ΑΜ
575 2987 651 3051 Ain„
672 3003 746 3040 enrr.
766 2987 862 3042 Bentl.
884 3018 914 3027 —
936 2989 1087 3058 Euphorio
1101 2990 1236 3044 imitatus

57 3079 106 3132 est
116 3076 213 3146 Apoll.
225 3077 278 3130 Rh.
290 3077 330 3132 IV
344 3076 529 3137 1505-1512.
567 3075 802 3132 Animadvertas
823 3079 912 3131 etiam
932 3094 960 3132 v.
975 3079 1092 3146 1513114
1110 3078 1236 3145 Περσεὺς

57 3167 234 3234 Εὐρυμέδων,
255 3181 384 3234 quonum
401 3168 452 3220 cfr.
467 3168 501 3220 fr.
517 3166 557 3219 17.

565 3312 608 3376 οο
633 3312 734 3391 (ιω).

168 3437 276 3502 Schnl.
301 3437 395 3502 Dion.
421 3437 547 3520 Perieg.
572 3437 616 3501 64
644 3435 736 3500 αύται
761 3439 796 3500 δέ
820 3437 865 3517 (αἱ
890 3440 1003 3515 στῆλαι
1028 3436 1235 3517 Ἡρακλέους)

56 3545 219 3625 πρότερον
244 3547 367 3624 Κρόνου
392 3546 543 3622 ἐλέγοντο
567 3549 692 3626 στῆλαι,
723 3545 776 3609 διὰ
802 3546 840 3609 τὸ
864 3545 953 3624 μέχρι
983 3548 1048 3607 τῶν
1072 3549 1147 3629 τῇδε
1171 3545 1235 3623 δρί-

57 3659 170 3720 ζεσθαι
195 3657 292 3731 δῆθεν
315 3655 373 3732 τὴν
398 3653 500 3732 ἀρχὴν
525 3653 638 3717 αὐτού·
665 3652 816 3731 δεύτερον
833 3653 868 3715 δὲ
885 3652 1065 3730 ἐλέχθησαν
1082 3652 1235 3735 Βριάρεω,

58 3759 106 3837 ὥς
131 3775 233 3840 φησιν
258 3759 447 3840 Εὐφορίων·
472 3758 580 3840 τρίτον
605 3761 638 3824 δέ
663 3758 865 3838 Ἡρακλέους.

169 3866 257 3920 Mein.
276 3867 340 3920 efrt.
369 3866 433 3920 Ael.
452 3866 522 3920 V.H.
542 3866 602 3934 v,3
632 3865 826 3932 Ἀριστοτέλης
855 3865 901 3927 (fr.
919 3865 972 3918 678
990 3864 1079 3931 Rose)
1106 3865 1157 3929 τὰς
1184 3871 1235 3918 νθν

55 3955 238 4022 Ἡρακλείους
262 3958 367 4020 στήλας
399 3956 581 4024 καλουμένας,
610 3957 674 4022 πρίν
694 3956 711 4020 ἢ
732 3958 867 4021 κληθῆναι
890 3958 986 4019 τούτο,
1015 3956 1085 4022 φησί
1110 3954 1234 4020 Βριάρεω

56 4049 203 4102 καλεῖσθαι
228 4046 322 4111 αὐτάς,
353 4047 443 4099 schol.
467 4045 553 4098 Pind.
579 4045 661 4100 Nem.
676 4043 769 4098 11138
792 4044 818 4097 αἱ
838 4045 869 4097 δέ
887 4045 1044 4111 Ἡρακλεῑαι
1068 4047 1166 4111 στῆλαι
1191 4047 1235 4097 καλ

58 4136 185 4204 Βριάρεω
205 4137 336 4200 λέγονται
357 4137 437 4202 εῖναι,
468 4136 539 4188 καθά
557 4148 628 4200 φησι
648 4173 789 4188 ......
811 4132 928 4202 ,στῆλαί
946 4133 970 4186 τ’
989 4132 1143 4198 Αίγαίωνος
1170 4133 1236 4196 ἁλὸς

59 4228 189 4292 μεδέοντι
219 4224 376 4291 Γίγαντοςίί,
405 4223 545 4277 Parthen.
561 4226 595 4277 fr.
610 4225 642 4278 31
664 4223 772 4290 (Mart.)
798 4223 924 4290 μάρτυρα
954 4222 979 4275 δ’
999 4225 1084 4288 άμμιν
1111 4226 1163 4287 τῆς
1191 4223 1236 4275 έπί

58 4316 174 4384 Γαδείρῃ
195 4313 328 4384 (στηλῶν
347 4316 461 4380 Ζεύγος)
482 4312 571 4366 λίπεθ’
596 4314 678 4379 οίμου
704 4313 820 4379 ἀρχαίου
841 4314 983 4380 Βριαρεῶο
1008 4311 1054 4365 ἀπ’
1074 4313 1183 4378 ούνομα
1202 4312 1235 4364 τὸ

56 4409 129 4474 πρίν.
142 4406 251 4474 ἀράξας.
