2902 4958
558 261 733 314 ...3⁴1-

554 548 734 613 ΚΛΗΤωΡ.

232 693 280 756 De
304 699 491 774 augumento
517 692 575 756 eir.
601 712 683 774 quae
707 692 748 756 ad
773 694 867 775 frgm.
893 693 1057 758 adnotavi.
1107 663 1123 745 ί

568 835 604 899 31
635 835 714 915 (69).

230 978 327 1058 Αίιλίς
351 980 377 1042 τ’
402 979 564 1057 ’ωρωπός
589 981 697 1043 τεκαὶ
722 980 910 1058 Ἀμφιάρεω
934 981 1060 1059 λοετρά.

165 1104 277 1189 Steph.
303 1105 380 1188 Byr.
406 1125 436 1188 p.
455 1106 529 1184 710,
557 1106 595 1168 16
625 1106 805 1182 ’ωρωπός
840 1107 934 1185 πόλις
960 1106 1231 1185 Μακεδονίας-

55 1214 106 1276 καὶ
131 1210 214 1289 ἄλλη
241 1213 405 1292 Βοιωτίας,
430 1214 502 1290 περὶ
526 1212 564 1290 ἧς
591 1211 763 1291 Εὐφορίων
789 1214 950 1291 Κλιτορίς·
974 1214 1090 1292 ‘nette’
1111 1219 1197 1279 κτλ.

165 1319 297 1382 αὐλιοτὴς
316 1317 349 1386 R,
369 1318 512 1384 αιίληστής
530 1317 564 1385 V,
584 1319 709 1384 αὐλητὴς
729 1317 787 1384 ΡΑ,
812 1318 894 1384 Αὐλίς
906 1319 932 1370 τ’
956 1320 1122 1387 Holmon,
1150 1322 1232 1384 Αυλίς

56 1409 90 1463 ἰδ’
121 1407 292 1463 Salmasius
315 1437 345 1445 -
366 1410 486 1474 κλιτορίς
516 1408 592 1476 ασελ,
623 1407 747 1474 Κλείτορι
775 1408 872 1475 Mein„
903 1414 958 1463 hoc
988 1411 1036 1464 vcl
1063 1411 1232 1477 Κλειτορίοις

56 1498 164 1566 Unger
184 1496 291 1568 Parad.
310 1496 402 1549 Theb.
416 1497 477 1549 460.
524 1497 570 1549 De
595 1496 725 1551 Cleitore
745 1499 906 1551 conferunt
925 1498 1014 1552 Pauo.
1029 1498 1097 1552 VIII
1109 1499 1135 1564 4,
1148 1499 1232 1567 5-73

58 1587 128 1644 VIII
146 1587 190 1641 21.
221 1587 338 1653 Κλήτορι
357 1587 552 1656 praetulerim
581 1589 707 1656 propter
736 1586 824 1642 Clern.
848 1585 893 1640 Al.
913 1588 1136 1656 protr·.1139,6
1155 1589 1182 1642 τί
1201 1590 1232 1643 δὲ
1326 1594 1333 1605 “

55 1680 140 1732 πάλιν
159 1675 307 1745 Θετταλοί;
329 1678 474 1742 μύρμηκας
493 1675 670 1742 ἱστοροῦνται
689 1677 788 1742 σέβειν,
817 1677 876 1731 ἐπεί
894 1680 946 1730 τὸν
965 1678 1020 1732 Δία
1039 1679 1232 1745 μεμαθήκασιν

56 1768 233 1834 ὁμοιωθέντα
262 1767 383 1833 μύρμηκι
413 1771 448 1833 τῇ
483 1766 623 1832 Κλήτορος
660 1769 776 1833 θυγατρί
808 1767 1006 1836 Εὐρυμεδοιίσῃ
1044 1772 1156 1834 μιγῆναι
1187 1770 1231 1822 καὶ

56 1857 224 1925 Μυρμιδόνα
252 1860 395 1922 γεννῆσαι.
443 1852 767 1910 Cf1·.Er·atosth.tr.89
790 1855 897 1910 Bernh.
919 1857 1132 1912 Eratosthenes
1156 1855 1232 1912 dicit

56 1943 276 2018 Myrmidonas
287 1963 306 1999 a
315 1959 384 2014 παρα
395 1942 592 2013 Myrmidono
603 1942 707 2012 dictos,
728 1943 810 2000 Iom'a
827 1947 855 1999 et
869 1947 1102 2016 Eurymedusae
1113 1946 1186 2016 filio.
1199 1977 1230 1987 -

56 2037 198 2091 Welcker
223 2035 260 2088 ad
284 2035 422 2088 Philostr.
446 2050 474 2103 p.
498 2034 550 2087 366
574 2035 697 2102 apponit
721 2033 806 2088 Arati
832 2050 952 2089 versum
979 2034 1014 2091 Α.
1028 2036 1127 2089 P.Xll
1142 2036 1231 2104 tan-3

54 2127 275 2192 γέγραπται-,καί
296 2124 373 2190 μέχρι
392 2127 515 2189 λοετρῶν
535 2123 718 2190 Ἀμφιαράου.

429 2358 619 2424 ΜΟΨΟΠΙΑ
644 2362 668 2423 Η
694 2360 856 2425 ΑΤΑΚΤΑ.

164 2506 362 2589 Mopsopiam
386 2504 515 2569 fabulas
540 2505 734 2569 continuisse
752 2504 877 2570 Atticas
901 2503 980 2570 dicit
997 2504 1126 2585 Suidas,
1151 2505 1232 2569 hni-

15 2613 16 2616 ’
56 2633 115 2678 cae
149 2614 233 2677 enim
267 2611 366 2677 luisse
399 2606 513 2676 nomen
547 2612 711 2694 antiquum
737 2611 949 2697 Mopsopiam,
985 2613 1122 2676 Ἄτακτα
1155 2631 1231 2678 vero

55 2740 185 2786 carmen
220 2720 420 2804 inscripsisse
443 2718 691 2804 Euphorionem,
726 2739 789 2802 quo
822 2720 1030 2805 multiplicem
1064 2740 1231 2802 argumen-

55 2835 161 2893 torum
179 2829 368 2892 varietatem
386 2825 579 2910 designaret.
620 2827 782 2892 Posterius
800 2826 961 2892 dubitavit
974 2827 1231 2900 Wilanrowitz
1336 2878 1340 2900 1

56 2937 106 3016 (B.
125 2935 272 3016 KLVI,
297 2956 328 3019 p.
345 2934 412 3014 65),
449 2954 512 2998 non
545 2934 614 3000 sine
647 2953 746 2999 eausa
780 2924 902 3019 opinor,
937 2935 1132 3018 ratiovero,
1168 2954 1232 3016 qua

54 3042 191 3108 alterum
217 3041 343 3106 titulum
368 3061 532 3107 removere
557 3048 701 3123 conetur,
726 3049 791 3105 tam
816 3042 959 3107 vlolenta
982 3048 1040 3122 est,
1066 3048 1101 3104 ut
1125 3043 1154 3106 ei
1179 3061 1230 3106 ac-

55 3149 173 3215 cedere
197 3168 362 3231 nequeam.
413 3148 475 3212 Diu
500 3149 640 3231 cogItavi
671 3147 711 3211 de
738 3148 861 3213 Ἀττικά
892 3169 949 3233 pro
974 3148 1112 3213 Ἄτακτα
1141 3150 1231 3214 resti-

55 3255 187 3322 tuendo.
235 3255 329 3333 Quod
352 3257 377 3321 si
404 3275 512 3320 verum
537 3262 595 3337 est,
620 3258 683 3319 ianr
701 3255 882 3340 Hesychius
904 3257 973 3320 sive
996 3258 1034 3338 is,
1060 3257 1110 3320 oui
1127 3255 1230 3340 Hesy-

55 3364 147 3430 chius
172 3365 270 3429 vitam
293 3364 509 3448 Euphorionis
534 3362 683 3445 debehat,
710 3373 892 3448 corruptum
910 3363 1048 3428 Ἄτακτα
1071 3364 1231 3430 invenisse

54 3480 98 3555 et,
123 3480 158 3538 ut
182 3473 243 3538 hoo
267 3472 455 3556 explicaret,
491 3470 531 3534 de
556 3478 815 3555 argumentorum
849 3470 1038 3537 diversitate
1071 3472 1230 3536 monuisse

55 3579 219 3665 putandus
249 3586 306 3644 est.
361 3580 482 3644 Tamen
517 3597 556 3642 nc
592 3578 673 3642 haee
707 3577 833 3660 quidem
869 3579 1042 3663 explicatio
1078 3577 1231 3644 sufficere

54 3687 125 3753 visa
150 3693 208 3751 est.
234 3723 275 3733 —
300 3687 488 3770 Mopsopiae
512 3685 615 3750 adscr.
641 3685 714 3749 fort.
741 3687 780 3750 fr.
809 3677 993 3750 105-1‘12.

560 3847 612 3928 >32
637 3847 715 3926 (27).

438 3973 548 4049 Ἀκτῆς
574 3974 608 4035 δὲ
632 3973 807 4050 παροίτερα
830 3973 1053 4053 φωνηθείοης·

233 4081 263 4144 οἳ
288 4082 346 4159 μὲν
370 4081 408 4156 δὴ
433 4080 585 4144 ἐνέπουσι
610 4080 661 4142 καὶ
680 4080 794 4143 Ἀσίδα
818 4081 1052 4164 κικλήσκεσθαι,

233 4187 263 4250 οἳ
288 4189 323 4250 δὲ
346 4186 581 4264 Ποσειδάωνος
606 4187 776 4265 ἐπώνυμον
800 4186 987 4265 αὐδηθῆναι.

163 4311 272 4378 Schol.
298 4313 392 4376 Dion.
418 4311 544 4395 Pericg.
569 4312 634 4375 620
664 4314 714 4376 καὶ
738 4313 757 4390 ἡ
780 4315 901 4390 Ἀττικὴ
930 4315 966 4377 δὲ
995 4315 1086 4379 Ἀσία
1115 4315 1247 4395 πρώην

53 4414 212 4501 ἐκαλεῖτο,
238 4419 282 4496 ὡς
307 4420 430 4497 ἱστορεῖ
454 4419 631 4497 Διονύσιος
657 4419 674 4481 ὁ
702 4419 886 4499 Κυζικηνός·
918 4419 956 4484 οὐ
986 4422 1048 4500 μὴν
1073 4420 1232 4488 ἀλλὰκαὶ
