2902 4958
629 215 804 270 -ης..

132 395 197 463 (δὲ)
217 398 269 460 τὴν
288 400 339 448 τού
360 396 427 458 συός
446 395 537 460 μάχην
556 395 611 447 ὑπό
632 388 796 461 Μελεάγρου
817 397 1100 463 κατακρημνισθῆναι.
1125 395 1169 447 διὸ
1194 396 1238 448 καί
1258 397 1294 447 λε·

132 486 275 550 λωβήσθαι
293 485 327 538 τό
347 488 438 549 σῶμα.

623 609 686 674 125
711 610 813 689 (146).

240 735 347 802 Schol.
372 737 433 821 Ap.
458 735 518 800 Rh.
545 737 560 800 I
587 736 669 800 llll
700 737 751 799 καὶ
775 734 947 816 Εὐφορίων
972 737 1006 802 δὲ
1030 737 1066 801 ἐκ
1088 734 1206 801 τούτου
1232 737 1295 817 (οὐ.

133 847 194 930 Ap.
212 843 274 909 Rh.
292 845 308 908 Ι
324 846 357 908 11
368 843 555 924 11-1125)
579 846 717 921 κινηθεὶς
734 845 772 908 τό
788 844 906 910 ξόανον
928 846 985 927 τῆς
1002 844 1122 923 μητρὸς
1138 847 1205 908 τῶν
1222 849 1298 909 θεῶν

12 1004 17 1011 ,
133 968 235 1032 φησιν
268 951 444 1031 ἀμπέλινον
472 950 552 1016 εἶναι
582 952 633 1015 όιά
662 953 699 1016 τὸ
728 953 786 1029 τὴν
810 950 955 1031 ἄμπελον
986 951 1067 1031 ἴσως
1100 952 1191 1031 ἱεράν
1224 951 1297 1018 είναι

133 1063 190 1137 τῆς
213 1057 315 1138 Ῥέας.

635 1202 697 1267 126
721 1202 800 1283 (48).

293 1325 364 1393 ἀλλ’
389 1327 481 1392 οὔπω
505 1329 594 1411 Θήβῃ
618 1328 812 1407 πεπρωμένα
836 1331 921 1393 κεῖτο
945 1326 1096 1409 τάλαντα,

293 1437 351 1513 τήν
368 1435 409 1514 ῥά
424 1455 502 1499 ποτε
521 1436 675 1513 Κρονίδης
693 1440 799 1514 δῶρον
823 1436 904 1513 πόρε
919 1434 1159 1519 Περσεφονείῃ,

294 1544 333 1607 ὃν
356 1544 495 1621 γαμέτην
519 1543 573 1607 ὅτε
596 1546 727 1621 πρῶτον
751 1542 990 1621 όπωπήσασθαι
1014 1534 1125 1621 ἔμελλε

294 1652 466 1731 νυμφιδίου
491 1652 638 1730 σπείροιο
661 1651 887 1729 παρακλίνασα
911 1649 1105 1729 καλύπτρην.

241 1777 348 1843 Schol.
374 1778 494 1842 MTAB
516 1777 590 1841 Eur.
616 1776 736 1842 Phoen.
761 1776 826 1841 682
851 1776 1003 1841 δεδόσθαι
1027 1776 1089 1855 γάρ
1112 1776 1170 1854 τὰς
1197 1776 1300 1856 Θήβας

134 1893 171 1979 τῇ
195 1886 392 1970 Περσεφόνη
424 1886 487 1950 ὑπὸ
518 1886 600 1962 Διὸς
631 1882 903 1967 ἀνακαλυπτήρια,
933 1884 978 1962 άις
1004 1883 1192 1964 Εὐφορίων·
1225 1881 1301 1947 ζἀλλ’

134 1993 236 2059 οὐπω’
259 1997 323 2058 κτλ.

176 2098 178 2113 ²
196 2101 199 2119 ³
241 2099 312 2154 Post
325 2099 473 2167 Εὐφορίων
485 2100 574 2153 inser.
595 2101 612 2152 ά
626 2116 669 2150 νιν
681 2098 833 2164 εὐηλίοισιν
851 2098 905 2151 MT
918 2101 967 2161 (ex
982 2113 1074 2153 versu
1087 2096 1159 2166 614).
1175 2126 1207 2139 -·
1223 2099 1249 2152 1.
1260 2114 1306 2152 πε-

135 2189 292 2257 πρωμένων
305 2188 370 2256 ΜΤ,
382 2189 570 2255 πεπρωμένον
582 2187 614 2240 Α.
637 2218 667 2226 -
689 2188 808 2252 θέμεθλα
827 2204 882 2257 pro
902 2189 1026 2241 τάλαντα
1039 2186 1121 2243 Geel.
1142 2185 1202 2242 Cir.
1215 2185 1305 2256 Greg.

134 2280 205 2333 Nan.
225 2280 296 2346 Περὶ
315 2283 366 2346 τῆς
384 2283 436 2332 τοῦ
456 2277 516 2342 βίου
536 2278 723 2344 ματαιότητος
736 2278 771 2332 43
790 2278 903 2346 (Migne
922 2276 965 2330 Ill
981 2276 1060 2342 1303)
1080 2277 1134 2342 όψὲ
1154 2276 1213 2344 μέν,
1235 2279 1308 2342 ἔμπα

135 2371 165 2422 λὲ
184 2373 269 2422 πᾶσιν
287 2368 350 2421 ἴσον
370 2371 495 2433 θνητοῖσι
519 2367 667 2421 τάλαντον.
688 2397 719 2406 -
740 2367 764 2420 2.
785 2368 820 2433 ῥά
837 2382 903 2420 τοτε
921 2365 955 2419 Α.
976 2396 1009 2406 -
1029 2367 1054 2420 3.
1074 2366 1103 2431 ῆι
1121 2370 1244 2433 γαμετήι
1263 2365 1308 2432 M„

135 2459 275 2524 ἐγγαμετή
297 2457 331 2524 Τ,
360 2459 498 2523 ἐνγαμετῆ
516 2456 551 2524 Α,
579 2459 737 2523 ἐγγαμετήν
757 2456 789 2525 Β,
819 2472 896 2510 corr.
923 2456 1011 2511 Mein.
1041 2486 1074 2495 —
1102 2457 1309 2530 όπωπήσεσθαι

136 2546 453 2615 Οοοοό.-4.σπείροιο)
464 2547 564 2613 γάμοιο
575 2546 610 2602 Α.
630 2577 656 2586 -
671 2546 846 2612 παρακλίναο
856 2545 893 2600 Μ.
907 2577 940 2585 -
954 2546 1093 2615 „Thebas
1107 2546 1309 2616 Proserpinae

135 2635 388 2704 άνακιιλυπτηρίων
417 2636 466 2691 die
494 2637 638 2707 nuptialis
666 2636 800 2690 muneris
824 2624 889 2690 loco
915 2636 1043 2690 donatas
1063 2651 1130 2690 esse
1149 2636 1309 2705 singulare

135 2732 180 2780 ost
198 2742 255 2785 neo
274 2741 293 2779 a
311 2741 466 2795 quoquam
485 2727 545 2780 alio
564 2725 736 2781 traditum.“
773 2724 920 2780 Meineke.

626 2871 687 2936 127
715 2872 818 2952 (159).

315 3084 316 3087 Ἴ
505 2998 700 3077 κεβληγόνου
724 2995 933 3076 Ἀτρυτώνης.
1039 2985 1042 2990 ’

241 3123 349 3189 Sohol.
363 3123 433 3189 Nic.
448 3122 578 3188 11433
603 3123 749 3200 μήκωνος
774 3121 983 3205 κεβληγόνου]
1001 3126 1058 3200 τῆς
1075 3122 1111 3185 ἐν
1127 3127 1165 3205 τῇ
1182 3124 1307 3203 κεφαλή

134 3232 191 3296 τὸν
215 3230 314 3308 γόνον
338 3231 487 3309 ἐχούσης,
516 3229 620 3293 ὅέστι
635 3231 673 3293 τὸ
692 3230 839 3308 σπέρμα·
866 3231 1021 3309 συγγενὲς
1038 3229 1099 3307 γάρ
1115 3228 1153 3292 τὸ
1172 3224 1190 3308 β
1208 3234 1256 3312 τῷ
1272 3227 1306 3304 ᾧ.

135 3341 186 3403 καὶ
215 3339 414 3417 Καλλίμαχος
445 3337 497 3417 (fr.
525 3338 599 3415 140)
631 3336 722 3416 ιἀμφὶ
752 3339 787 3401 δὲ
820 3338 935 3416 κέβλην
967 3336 1132 3416 εἰργμένος
1166 3333 1306 3411 ἀγλίθων

136 3446 235 3510 οὐλον
259 3445 324 3526 ἔχει
348 3443 577 3524 στέφανον’-
599 3446 650 3508 καὶ
675 3444 847 3524 Εὐφορίων
871 3447 942 3524 περὶ
959 3451 1016 3523 τῆς
1032 3442 1169 3521 Ἀθηνᾶς
1186 3441 1304 3523 ’κεβλή

135 3554 234 3630 γόνου
258 3551 476 3631 Ἀτρυτιίινηςῖ
501 3588 542 3599 -
569 3552 753 3632 Εὐφορίδης
779 3552 817 3618 G.
1270 3547 1275 3559 ’

627 3716 688 3778 128
713 3714 815 3796 μοι).

244 3840 362 3906 Comm.
380 3839 501 3905 Lucan.
520 3839 651 3904 111402
676 3839 716 3904 de
738 3841 827 3905 Pane
857 3841 1027 3905 Pindarus
1052 3839 1112 3924 (fr.
1133 3838 1199 3926 100
1216 3835 1305 3916 Gur.)

136 3954 167 4014 ei
190 3949 291 4014 celeri
315 3949 431 4015 dicuni
455 3947 623 4033 Apollinis
647 3956 678 4012 el
705 3950 892 4032 Penelopae
914 3948 1033 4034 filiuni,
1058 3947 1120 4011 olii
1143 3944 1306 4011 Mercurii

137 4064 168 4121 el
192 4055 339 4120 eiusdem
362 4055 449 4121 luno
473 4064 590 4149 nolum
617 4056 787 4140 munionis
810 4055 966 4140 upmplie
990 4076 1011 4118 u
1034 4060 1134 4138 paine
1158 4054 1306 4119 nutrien-

137 4164 217 4230 dum
234 4163 398 4229 traditum
408 4163 596 4247 perlibeni,
613 4164 703 4227 uncle
717 4163 845 4248 lplicuo
859 4164 941 4227 elene
955 4163 1079 4246 fucino.
1108 4160 1305 4246 Euphorion

144 4271 260 4336 Uliuis
274 4270 383 4357 filium
399 4271 607 4356 monifestat.
643 4270 807 4334 Nonnulli
831 4271 964 4359 φυόμενα
987 4270 1057 4334 eine
1078 4268 1207 4354 oripine
1222 4268 1305 4334 lunc

139 4380 238 4443 (leuen
255 4380 472 4444 irueliclerunl
488 4379 573 4442 sicul
589 4376 852 4463 Appolloulorus.
869 4413 912 4423 -·-
930 4375 1037 4442 Sehol.
1056 4376 1132 4441 Eur.
1150 4375 1249 4442 Rhes.
1266 4373 1305 4440 36
