2902 4958
558 213 739 268 „35-

170 393 216 447 De
231 391 404 462 Gigantum,
424 408 484 445 non
500 392 537 444 (λα
551 391 654 446 Aiacis
668 393 732 458 (cfr.
747 391 882 462 Apollod.
896 393 963 462 epit.
976 393 1001 458 6,
1012 392 1038 460 6,
1058 392 1182 462 Peplum
1199 391 1240 455 16,

59 481 160 536 Tzetz.
191 482 230 536 ad
258 481 331 551 Lye.
345 482 410 550 401)
439 483 579 550 sepulcro
609 483 660 551 agi
690 482 880 536 crediderim.
929 480 988 536 cfr.
1012 479 1110 535 Strab.
1133 481 1161 535 X
1184 481 1240 548 5‚9

58 572 192 635 Μύκονος
211 570 235 624 δ’
256 572 331 624 ἐστίν
351 570 400 638 ὑφ’
421 573 437 639 ᾗ
459 573 611 635 μυθεύουσι
630 576 737 624 κεῖσθαι
764 577 823 625 τῶν
842 572 984 636 γιγάντων
1017 573 1084 635 τοὺς
1102 572 1241 634 ὑστάτους

58 660 108 727 ὑφ’
129 661 298 727 Ἡρακλέους
316 663 532 724 καταλυθέντος.

566 806 608 869 αα
633 806 742 885 (2211).

169 930 277 996 Sehol.
303 931 403 996 Olem.
436 930 530 995 Alex.
556 931 660 995 Protr.
687 932 739 1010 21,
761 934 795 994 11
824 952 854 1015 p.
873 932 949 1013 308,
967 932 1067 1013 3sqq.
1102 931 1239 997 Stthlin.

58 1039 346 1122 Ἱπποκοωντιδῶν]
375 1041 554 1104 Ἱπποκόων
585 1061 632 1116 τις
665 1026 794 1115 ἐγένετο
818 1038 1078 1117 Λακεδαιμόνιος,
1112 1037 1151 1103 οὗ
1176 1039 1239 1102 υἱοὶ

59 1147 125 1211 ἀπὸ
150 1148 355 1225 τοῦπατρὸς
381 1147 547 1225 λεγόμενοι
568 1148 830 1237 Ἱπποκοωντίδαι
855 1147 1040 1227 ἐφόνευσαν
1068 1148 1126 1210 τόν
1153 1146 1240 1210 Λικυ-

63 1255 157 1333 μνίου
183 1255 263 1334 υίόν,
289 1254 414 1320 Οἰωνὸν
437 1254 580 1336 ὀνόματι,
605 1256 747 1318 συνόντα
764 1260 809 1337 τῷ
826 1252 983 1334 Ἡρακλεῖ,
1001 1253 1241 1331 ἀγανακτήσαν-

59 1382 113 1440 τες
139 1362 191 1424 έπὶ
215 1367 260 1445 τῷ
284 1365 506 1442 πεφονεῦσθαι
538 1362 592 1425 ὑπ’
627 1361 726 1425 αὐτοῦ
756 1361 836 1424 κύνα
864 1361 980 1425 αὑτῶν.
1029 1363 1079 1424 καὶ
1104 1363 1142 1439 δὴ
1167 1359 1241 1438 ἀγα-

63 1470 227 1547 νακτήσας
252 1469 303 1533 ἐπὶ
327 1469 454 1548 τούτοις
480 1469 497 1531 δ
521 1467 679 1547 Ἡρακλῆς
704 1466 846 1547 πόλεμον
863 1473 1033 1547 συγκροτεῖ
1048 1466 1115 1532 κατ’
1133 1469 1240 1533 αὐτῶν

60 1578 111 1640 καὶ
136 1577 281 1654 πολλοὺς
305 1575 438 1656 ἀναιρεῖ,
465 1575 520 1640 ὅτε
546 1578 597 1639 καί
621 1576 719 1654 αὐτὸς
736 1577 794 1654 τὴν
811 1581 901 1655 χεῖρα
917 1576 1050 1654 ἐπλήγη.
1086 1577 1240 1654 μέμνηται

59 1685 110 1746 καί
139 1683 276 1761 Ἀλκμὰν
304 1684 340 1748 έν
371 1684 409 1747 α’.
469 1684 621 1762 μέμνηται
654 1685 704 1747 καί
722 1684 905 1762 ,Εὐφορίων
934 1684 969 1746 έν
999 1684 1097 1766 Θρᾳκὶ
1127 1684 1239 1766 (θρᾴκῃ

60 1790 85 1853 Ρ
115 1791 160 1868 M)
204 1788 280 1873 [τῶν
319 1791 554 1868 Ἱπποκόωντος
594 1792 719 1854 παίδων
762 1795 827 1854 τῶν
871 1789 1135 1868 ἀντιμνηστήρων
1175 1795 1240 1854 τῶν

62 1895 302 1982 Διοσκούρωνί.

171 2002 282 2057 Ultima
313 2003 408 2056 verba
438 2008 472 2056 ut
501 2003 592 2056 aliam
613 2004 697 2057 vocis
725 2004 970 2056 Ἱπποκοωντιδῶν
998 2002 1239 2071 explicationem,

60 2093 112 2146 sed
133 2092 248 2159 falsam,
270 2093 357 2147 eiecit
376 2091 574 2146 Wilamowitz
594 2093 627 2146 B.
641 2092 687 2146 Κλ.
702 2091 754 2146 Vl
776 2109 803 2162 p.
819 2092 899 2154 60,1.

579 2238 620 2302 27
648 2237 727 2317 (22).

172 2361 284 2446 Steph.
301 2363 379 2446 Byz.
398 2383 428 2446 p.
445 2363 524 2440 482,
540 2363 583 2426 20
606 2363 767 2438 Ὀγκαῑαι·
794 2362 890 2425 πύλαι
908 2363 1035 2441 θηβιύν.
1068 2362 1240 2441 Εὐφορίων
1266 2336 1267 2339 ¹

65 2471 175 2553 θρᾳκί.
224 2468 325 2546 Ὄγκα
349 2470 409 2548 γὰρ
433 2470 452 2547 ἡ
475 2470 592 2548 Ἀθηνᾶ
617 2470 695 2534 κατὰ
720 2471 881 2547 Φοίνικας.

174 2594 273 2657 δγκαία
287 2594 318 2647 R.
334 2623 365 2632 -
381 2593 408 2647 A
422 2593 533 2648 Cadmo
555 2602 672 2664 portam
693 2595 735 2648 sie
755 2596 938 2647 nominatam
954 2609 1018 2648 esse
1038 2594 1130 2648 tradit
1149 2594 1240 2647 schol.

60 2685 170 2738 Aesch.
184 2681 264 2752 Sept.
284 2685 345 2738 413.
375 2683 433 2739 Cfr.
454 2685 544 2738 schol.
564 2685 672 2740 Aesch.
692 2683 773 2752 Sept.
793 2685 843 2736 149
863 2683 977 2748 Ὀγκαία
1001 2683 1105 2749 Ἀθηνᾶ
1128 2687 1241 2748 τιμᾶται

60 2775 138 2840 παρὰ
158 2773 297 2839 Θηβαίοις,
313 2774 405 2838 Ὄγκα
425 2775 454 2826 δέ
469 2774 545 2840 παρὰ
564 2765 624 2837 πῶς
637 2774 767 2827 Φοίνιξιν.
787 2777 831 2826 καί
845 2773 971 2836 Ὀγκαῑαι
990 2775 1083 2825 πύλαι.
1104 2773 1241 2839 μέμνηται

60 2867 106 2917 καὶ
126 2863 291 2928 Ἀντίμαχος
315 2862 363 2929 (fr.
377 2863 423 2928 33)
443 2866 487 2915 κα1
505 2864 617 2927 Ῥιανός
636 2862 786 2930 (Meineke
806 2862 862 2917 An.
875 2861 920 2916 Al.
941 2879 968 2932 p.
982 2862 1054 2928 202).

515 3060 794 3129 ΙΠΠΟΜΕΔωΝ.

173 3205 222 3303 De
248 3202 506 3288 Hippomedonte
532 3204 601 3285 οίκ,
635 3224 718 3286 quae
751 3205 783 3267 in
813 3211 1002 3288 argumento
1026 3203 1164 3269 Thracis
1188 3223 1239 3268 ex·

62 3311 216 3399 plicando
240 3312 421 3395 suspicatus
445 3330 523 3376 sum.

581 3454 623 3518 τυ
649 3455 729 3534 (ιι).

271 3585 360 3657 τοῖος
384 3580 445 3658 γὰρ
471 3580 623 3659 Κυχρεῖος
648 3579 695 3644 ένὶ
718 3585 855 3665 ψαφαρῇ
880 3580 1042 3658 (αλαμῑνι.

174 3686 281 3754 Sehol.
307 3687 468 3772 Lycophr.
493 3688 554 3751 451
584 3687 725 3766 Κυχρεὺς
750 3688 929 3765 (αλαμῑνυς
955 3688 1005 3750 καὶ
1026 3686 1240 3764 γΠοσειδιύνος
1283 3725 1285 3727 -
1311 3774 1313 3779 Ι

62 3797 151 3874 υἱός·
177 3796 367 3874 ἐβασίλευσε
391 3797 426 3858 δέ
450 3793 547 3872 οὗτος
573 3794 783 3875 (αλαμινίων,
812 3795 857 3872 ὡς
882 3795 1054 3873 Εὐφορίων
1079 3795 1114 3858 ἐν
1137 3794 1240 3858 Ἱππο-

62 3904 194 3984 μέδοντί
211 3919 308 3982 φησι·
332 3901 441 3980 “τοῑος’
463 3907 528 3967 κτλ.
546 3939 588 3948 -—
606 3901 698 3967 ἄλλοι
723 3903 768 3982 δέ,
793 3902 842 3966 ὅτι
859 3901 935 3981 όφις
952 3903 1031 3966 ποτέ
1053 3902 1240 3980 ἐλυμαίνετο

63 4014 124 4091 τὴν
141 4013 306 4090 (αλαμῖνα
330 4013 380 4074 καὶ
404 4010 555 4089 ἀοίκητον
579 4010 742 4090 ἐποίησεν,
768 4009 830 4087 ἕως
848 4009 866 4073 ὁ
885 4010 1023 4088 Κυχρεὺς
1040 4009 1140 4073 αὐτὸν
1156 4007 1240 4074 ἀπώ-

62 4123 140 4184 λεσε
164 4123 231 4183 κτλ.

171 4299 292 4362 κυχρῆος
312 4311 333 4363 ο,
354 4300 481 4362 κυχρεῑος
500 4292 555 4361 τίει,
574 4300 721 4362 κυγχρεῖος
739 4312 756 4359 γ
773 4297 797 4362 1,
821 4240 960 4361 κίγχρείος
979 4295 1008 4361 b,
1032 4239 1169 4361 κιγχρεἹος
1187 4294 1240 4362 γὲ,

61 4387 92 4440 έν
103 4397 140 4440 Ξ
150 4400 177 4438 a.
189 4414 221 4422 -
233 4384 291 4440 Cfr.
305 4383 416 4439 Antim.
430 4387 465 4438 fr.
479 4385 513 4438 57
534 4386 654 4449 Εύλεῑος,
674 4384 770 4453 Αροίλ.
784 4384 838 4437 Rh.
853 4384 896 4438 III
910 4385 963 4438 853
973 4384 1150 4450 Προμηθεῑος
1160 4385 1239 4451 (αιιιιι
