2902 4958
630 218 805 272 ,83-

639 398 703 463 179
727 400 808 479 (99).

511 541 548 606 ἐν
571 543 607 606 δέ
630 542 750 619 πότοις
773 542 927 607 ἕσσαντο.

240 684 387 768 Αρολίοιι.
412 682 512 769 Soph.
537 684 600 748 lex.
626 685 719 748 Hom.
746 705 776 769 ρ.
802 685 876 766 133,
902 685 942 749 19
972 685 1087 749 πόποι·
1116 684 1290 765 ἐπιφώνημα

137 791 398 870 σχετλιαστικόν·
427 793 512 871 τινὲς
536 792 572 855 δέ
595 790 710 857 ἔδοξαν
733 793 901 869 σημαίνειν
926 790 964 854 ’ὦ
986 790 1073 857 θεοί.
1103 792 1123 856 ὁ
1146 795 1226 870 γοῦν
1246 790 1291 857 [1-

134 900 261 978 φορίων
289 901 406 978 φησίν·
438 898 485 962 ’ἐν
513 900 549 963 δέ
572 920 604 962 π.
630 898 665 963 έ’.
699 901 785 976 τινὲς
809 901 845 964 δέ
869 899 975 983 τούτῳ
1006 900 1202 979 βοηθοῦντές
1224 894 1293 980 φασι

133 1008 338 1086 συναλοιφὴν
362 1005 443 1071 εἶναι
466 1005 512 1070 ’ἐν
536 1007 565 1070 δ’
589 1005 736 1085 ἐπόποις’
760 1005 831 1070 ἀντὶ
855 1010 913 1070 τοῦ
937 1006 1105 1086 ἐπόπταις.

240 1131 380 1184 θέσσαντο
394 1129 482 1183 Mein.
497 1130 562 1184 coll.
578 1129 647 1184 Hes.
668 1130 822 1184 θέσσαντο·
843 1131 983 1198 ἐξῄτησαν
997 1129 1151 1200 [ἐκάθισαν]
1164 1132 1299 1187 ἱκέτευσαν

134 1217 331 1288 [ἐνεδύσαντο],
360 1219 445 1271 Ρίιιά.
466 1217 547 1272 Nem.
568 1217 594 1270 V
611 1219 642 1272 10
670 1219 809 1273 θέσσαντο
830 1219 959 1286 (εὔξαντο
979 1219 1090 1282 υσυαλ).
1111 1250 1144 1259 -
1165 1219 1300 1276 (trulias.

134 1310 233 1362 πόποι·
261 1309 362 1362 παπαί·
391 1308 550 1373 ἐπίφθεγμα
578 1309 796 1373 σχετλιαστικόν.
835 1308 940 1362 Ἀπίων
963 1309 994 1362 δέ
1012 1323 1114 1377 φησιν·
1134 1311 1163 1365 οί
1181 1310 1304 1376 δαίμονές

134 1398 188 1452 εἰσι
206 1399 306 1452 πόποι·
326 1399 371 1450 καὶ
390 1399 468 1451 ἔστιν
483 1398 519 1451 ‘111
539 1396 686 1462 δαίμονεςὶ
723 1397 799 1451 Plut.
820 1399 858 1453 de
877 1399 948 1452 aud.
968 1400 1065 1468 poetis
1085 1415 1114 1469 p.
1126 1400 1202 1454 221)
1221 1401 1305 1467 Δμύο

133 1504 184 1550 πες
203 1488 233 1540 δὲ
251 1487 382 1551 ’πόπους
400 1489 468 1551 τοὺς
486 1486 627 1551 δαίμονας.
665 1486 762 1542 Schol.
777 1488 800 1540 E
813 1488 899 1541 Hom.
914 1505 932 1541 α
944 1488 980 1542 32
997 1491 1099 1542 πόποι·
1119 1489 1148 1543 οί
1166 1493 1229 1544 θεοί
1241 1491 1309 1544 κατά

133 1578 186 1642 την
209 1581 268 1629 τῶν
291 1578 435 1645 Δρυόπων
459 1578 569 1644 φωνήν.
588 1605 624 1617 -
643 1577 793 1646 Lycophr.
813 1578 867 1632 943
894 1579 981 1631 πόποι
1011 1580 1132 1646 φύξηλιν
1159 1580 1310 1647 ἠνδρωσαν

135 1666 250 1732 σπόρον.
296 1726 299 1732 .

641 1792 705 1856 180
729 1793 809 1873 (97).
914 1802 918 1806 ’

506 1934 692 2001 ἀλεξίκακον
716 1934 779 2015 φύε
803 1935 935 2015 ῥάμνον.

241 2077 348 2144 Schol.
367 2079 438 2146 Nic.
457 2077 553 2144 Ther.
573 2079 633 2143 861
662 2079 846 2159 (ἀλεξιάρης
863 2116 906 2126 -
923 2080 1061 2162 ῥάμναυ)
1084 2081 1192 2147 ὅτιού
1210 2085 1318 2164 μόνον

136 2187 303 2252 ἀπαλέξειν
326 2186 415 2250 ἐστὶν
445 2185 548 2264 ἀγαθὴ
579 2187 599 2263 ἡ
632 2187 756 2265 ῥάμνος
789 2188 835 2265 εἰς
868 2187 1031 2269 φάρμακα,
1064 2189 1149 2254 ἀλλὰ
1180 2194 1239 2256 καὶ
1269 2193 1318 2272 εἰς

137 2294 360 2374 φαντάσματα,
391 2292 467 2356 ὅθεν
496 2295 546 2357 καὶ
569 2296 633 2372 πρὸ
656 2300 721 2359 τῶν
745 2298 853 2373 θυρῶν
877 2295 912 2359 έν
935 2299 1005 2373 τοῖς
1028 2297 1225 2376 έναγίσμασι
1250 2320 1320 2379 κρε-

135 2403 238 2479 μωσιν
261 2400 372 2477 αὐτήν.
396 2437 440 2445 -
463 2401 616 2478 μέμνηται
642 2403 676 2465 δέ
701 2406 759 2480 τῆς
784 2403 923 2482 βοτάνης
946 2404 998 2467 καὶ
1018 2390 1320 2483 Εὐφορίων·,“άλἐ

135 2506 271 2573 ξίκακον’
294 2511 362 2571 κτλ.
385 2543 428 2553 -
452 2506 549 2586 φύσει
573 2508 613 2572 R.

623 2688 683 2752 181
712 2688 815 2769 μοι).

465 2830 537 2896 οἷόν
560 2832 589 2895 θ’
614 2832 761 2910 είαμενῆς
781 2824 926 2897 ’ὑποκυδέ
949 2854 977 2911 ς.

242 2974 397 3059 Ηαιροοι.
416 2996 447 3059 μ.
467 2975 541 3056 179,
562 2976 599 3040 17
626 2975 789 3053 ὑποκυδής
814 2976 905 3041 ἐστιν
928 2977 947 3040 ὁ
972 2978 1113 3058 δίυγρος,
1131 2977 1184 3057 ὡς
1202 2979 1241 3045 ἐκ
1258 2985 1316 3060 τῆς

134 3078 163 3158 γ’
190 3082 327 3160 Κτησίου
352 3081 615 3163 (fr.23M11ner)
649 3083 795 3161 φανερόν
829 3083 927 3147 ἐστιν.
978 3082 1151 3163 Εὐφορίων
1177 3085 1314 3153 ‘01611’

134 3188 284 3268 εἰαμενῆς
309 3189 506 3267 ὑποκυδέος’.

242 3312 268 3366 θ’
281 3314 410 3379 είαμευής
420 3313 508 3368 Mein.
520 3343 552 3353 ·—
564 3315 718 3378 ὑποκυοέες
729 3316 821 3384 vulg„
843 3330 917 3369 corr.
932 3313 1096 3370 Salmasius
1109 3320 1140 3371 et
1149 3314 1312 3375 Ruhnken.

630 3496 692 3559 ιον
717 3495 819 3576 (ιον).

243 3619 352 3686 Schol.
369 3619 428 3684 TV
448 3619 539 3684 Hom.
558 3619 587 3683 Ψ
608 3619 668 3684 197
694 3620 918 3704 φλεγεθοίατο]
944 3620 1116 3702 Εὐφορίων
1138 3624 1247 3702 κακῶς
1262 3626 1310 3706 τῷ

136 3728 249 3807 ῥήματι
274 3727 386 3804 ἑνικῶς
411 3731 532 3806 χρῆται.

244 3849 301 3906 Cfr.
322 3849 434 3906 Callim.
454 3851 489 3904 fr.
504 3851 547 3918 32,
561 3850 621 3918 521,
641 3850 724 3906 Arat.
746 3869 774 3906 v.
787 3853 839 3907 817
860 3868 928 3906 cum
949 3853 1018 3907 adn.
1038 3853 1168 3908 Maassii.

628 4034 691 4098 183
717 3997 839 4114 (ινα).Ὶ
1168 4077 1170 4080 ⁴

243 4156 350 4222 Schol.
381 4157 454 4223 οοά.
486 4157 588 4222 Ραιίο.
617 4159 705 4224 2679
733 4158 826 4223 Ηοιιι.
857 4160 891 4223 Π
914 4160 979 4224 235
1014 4159 1157 4238 (Cramer
1185 4157 1307 4224 Αυοοά.

137 4265 209 4330 Ραι.
232 4263 281 4328 ΙΙΙ
306 4265 359 4348 21,
381 4265 437 4345 25)
467 4269 654 4345 χαμαιεῦναι
678 4266 767 4331 δὲοὶ
791 4265 843 4331 ἐπὶ
866 4269 923 4331 τοῦ
948 4267 1093 4347 ἐδάφους
1116 4267 1308 4351 κοιμώμενοι

137 4372 284 4450 λέγονται
308 4373 382 4452 παρ’
408 4371 601 4453 Εὐφορίωνι.
