2902 4958
570 237 744 294 ..59-

64 420 245 506 sacrificiis
285 440 399 484 eorum
439 421 562 485 notarit
601 421 786 485 adventum.
836 427 958 504 posteo
996 419 1245 487 abscedentibus

67 525 210 591 Graecis
234 547 306 591 cum
328 526 449 592 uellent
465 528 659 612 sacrificare
675 529 844 612 Neptuno,
870 527 1024 592 Laocoon
1043 526 1247 611 Thymbraei

66 634 243 717 Apollinis
265 635 422 699 sacerdos
445 644 535 700 sorte
559 635 679 699 ductus
703 642 762 716 est,
786 643 823 699 ut
839 635 922 698 solet
943 634 1029 718 fleri,
1053 655 1127 697 cum
1152 634 1241 697 deest

65 742 225 807 sacerdos
249 749 368 806 certus.
416 743 468 806 bic
486 743 665 828 piaculum
690 743 901 806 commiserat
922 749 999 805 ante
1024 736 1244 805 simulacrum

65 848 220 935 numinis
239 870 313 913 cum
330 849 479 934 Antiopa
501 871 564 914 suu
589 870 696 914 uacare
720 851 868 914 coeundo
893 856 924 913 et
949 850 988 912 ob
1012 849 1071 913 hoc
1095 848 1245 912 inmissis

27 960 40 984 '
66 958 274 1022 draconibus
298 976 372 1020 cum
396 959 468 1021 suis
489 958 571 1043 filiis
594 959 815 1040 iuteremptus
840 965 898 1023 est.
946 950 1089 1020 historia
1113 956 1246 1038 quidem

65 1062 126 1129 boc
152 1063 260 1145 babet,
285 1065 344 1128 sed
361 1072 466 1149 poeta
491 1072 549 1129 etc.
1091 1053 1094 1063 ¹

176 1169 279 1223 Exscr.
308 1171 400 1238 myth.
429 1169 523 1224 Vatic.
548 1170 650 1224 1190?
679 1187 706 1239 p.
731 1169 782 1224 155
807 1170 853 1235 M,
892 1169 1093 1239 Euphorionis
1120 1170 1242 1222 nomine
1269 1212 1273 1219 .

65 1259 187 1312 omisso.
226 1258 273 1311 Ad
292 1259 515 1329 Euphorionem
545 1266 647 1313 utrum
676 1260 751 1313 haec
782 1260 882 1312 omnin
910 1274 949 1312 an
970 1258 1098 1327 primum
1128 1260 1245 1311 inritum

65 1349 257 1401 enuntiatum
278 1349 439 1418 pertineat,
458 1349 636 1417 ambiguum
657 1353 709 1403 cst.
747 1348 828 1402 Finis
848 1349 952 1402 scholii
972 1344 1102 1408 historio
1122 1339 1245 1416 quidem

64 1437 121 1491 hoc
145 1437 233 1491 habet
257 1453 316 1491 non
342 1445 447 1492 contra
472 1439 695 1508 Euphorionem
724 1439 806 1504 iacit,
835 1438 921 1491 cuius
951 1437 1120 1492 versionem
1144 1436 1245 1504 singu·

64 1527 161 1580 larem
182 1527 271 1581 etiam
291 1527 377 1597 trgm.
399 1527 600 1596 praecedente
618 1511 794 1596 ¹simpliciter
814 1527 949 1580 tabulam
967 1541 985 1579 a
1005 1523 1111 1581 Servio
1141 1526 1244 1579 vocari

65 1614 214 1669 videmus.
265 1615 387 1670 Ehwald
411 1616 764 1684 Pht101.53,18mp.741
795 1631 863 1669 eum
890 1631 927 1668 ox
945 1614 1099 1669 locutione
1118 1613 1244 1681 Graeca,

64 1704 165 1772 qualis
186 1709 230 1758 est
248 1705 266 1770 ἡ
286 1705 395 1771 ἱστορία
418 1706 493 1771 παρὰ
520 1706 686 1772 Εὐφορίωνι,
710 1706 837 1760 fluxisse
863 1706 982 1779 conicit.
1021 1702 1081 1762 Sed
1101 1704 1243 1780 quoniam
1263 1715 1289 1750 v-

64 1793 222 1863 Euphorio
242 1809 342 1863 neque
367 1794 487 1849 Sinonis
517 1811 617 1863 neque
638 1797 707 1864 equi
733 1795 826 1864 lignei
847 1795 1029 1848 mentionem
1049 1794 1128 1858 iecit,
1166 1793 1243 1846 Lao-

66 1884 184 1937 conniis
205 1889 330 1938 mortem
352 1900 406 1938 cur
419 1885 558 1951 narrarit,
579 1901 672 1939 causa
692 1885 773 1952 latet,
793 1886 849 1938 nisi
863 1885 941 1938 torte
955 1899 1023 1937 eum
1038 1882 1186 1948 Troianis,
1205 1897 1243 1936 ne

64 1970 186 2027 Ulixem
217 1974 395 2042 reciperent,
425 1977 555 2029 suasisse
584 1982 749 2044 posteaque
777 1976 991 2042 interemptum
1009 1972 1108 2027 Ulixis
1137 1971 1239 2027 fraudi

63 2062 216 2130 profuisse
250 2063 349 2133 potius
384 2078 473 2132 quam
508 2065 647 2118 nocuisse
685 2064 902 2134 suspicandum
935 2067 989 2117 est.
1040 2062 1147 2132 Itaque
1181 2077 1239 2131 ego

64 2152 274 2218 quaestionem
301 2153 331 2205 in
358 2153 451 2206 dubio
476 2153 653 2222 relinquam.
696 2152 727 2208 Si
751 2155 889 2207 narravit
913 2153 1064 2223 Euphorio
1089 2152 1242 2229 piaculum

63 2244 96 2292 et
115 2244 242 2294 mortem
261 2239 451 2308 Laocoontis,
472 2241 684 2312 Bacchylidem
705 2249 827 2297 secutus
848 2257 915 2297 esse
935 2244 1063 2308 videtur,
1084 2242 1136 2296 clr.
1158 2233 1242 2296 Seru.

63 2326 138 2382 Aen.
158 2328 188 2382 II
208 2329 258 2383 201
289 2329 369 2384 Sane
392 2329 594 2399 Bacchylides
623 2333 658 2386 dc
683 2333 852 2386 Laocoonte
881 2334 908 2385 et
931 2348 1026 2387 umore
1055 2330 1187 2399 eiusnel
1206 2332 1242 2384 de
1327 2354 1330 2362 ·

62 2417 257 2486 serpentibus
277 2435 296 2472 a
325 2418 473 2489 Calydnis
492 2419 606 2474 insutis
629 2419 820 2476 venientibus
839 2423 866 2474 et
884 2421 919 2475 iu
933 2419 1070 2485 homines
1089 2417 1242 2482 conuersis

62 2504 147 2561 dicit.
186 2507 375 2577 Quamquam
401 2509 599 2580 Bacchylides
623 2511 702 2564 tilios
726 2511 805 2564 solos
830 2526 944 2579 eosque
973 2513 1003 2565 in
1024 2511 1134 2579 templo
1154 2508 1243 2580 Apol·

63 2596 123 2650 inis
149 2596 333 2666 Thymbraei
358 2600 473 2668 perisse
496 2601 644 2665 narravit,
679 2600 829 2670 siquidem
857 2608 939 2654 recte
963 2600 1003 2653 ad
1026 2600 1242 2669 Bacchylidem

61 2686 178 2740 rettulit
201 2687 283 2740 schol
306 2687 456 2757 Lycophr.
468 2689 520 2742 347
531 2689 652 2743 Ebrster
664 2689 786 2757 (Annal.
799 2690 928 2744 instituti
939 2677 1160 2760 archaeologici
1170 2688 1241 2742 XXI

62 2791 91 2842 p.
106 2774 160 2841 20),
191 2776 431 2852 cumEuphorio
452 2777 655 2832 Laocoontem
675 2779 714 2831 ad
741 2794 825 2833 mare
849 2779 989 2848 Neptuno
1019 2779 1241 2833 sacrificantem

63 2879 132 2917 cum
163 2865 234 2918 tiliis
265 2867 396 2919 occisum
431 2867 558 2921 finxisse
587 2867 736 2921 videatur.
783 2867 891 2937 Itaque
921 2869 1062 2936 equidem
1093 2869 1242 2936 picturam

60 2953 187 3021 parietis
207 2954 411 3023 Pompeianae
440 2972 458 3008 a
478 2955 577 3009 Mavio
597 2956 719 3021 (Annali
744 2956 812 3010 dell'
836 2959 902 3011 inst.
925 2957 1005 3023 1875)
1030 2957 1142 3028 publici
1169 2959 1242 3010 iuris

64 3045 178 3098 factam
200 3059 260 3097 non
282 3059 350 3097 cum
369 3045 525 3098 Ehwaldio
546 3046 563 3099 l.
577 3046 594 3098 l.
614 3045 653 3098 ad
668 3045 870 3114 Euphorionis
891 3047 1063 3116 exemplum
1082 3046 1242 3100 adumbra-

62 3139 213 3186 tamesae
237 3133 425 3201 crediderim,
451 3135 595 3202 quoniam
615 3134 795 3189 Laocoontis
818 3136 1012 3204 filiorumque
1037 3137 1242 3191 interitum‘in

63 3221 177 3291 templo
198 3222 250 3287 (sc.
264 3221 412 3292 Apollinis
426 3222 620 3293 Thymbraei)
636 3225 771 3278 collocat.
800 3224 941 3278 Filiorum
956 3240 1024 3278 cum
1045 3230 1130 3295 patre
1150 3225 1241 3278 inter-

61 3313 138 3365 itum
166 3311 225 3365 inm
258 3319 328 3365 ante
358 3313 582 3382 Euphorionem
613 3320 769 3367 narratum
795 3329 859 3367 esse
878 3312 999 3367 Ebrster
1018 3315 1066 3368 hl.
1087 3331 1106 3384 p
1130 3314 1164 3368 14
1178 3330 1240 3382 sqq.

65 3401 295 3454 demonstravit.
334 3399 498 3470 Sophocles
521 3403 552 3455 in
572 3402 748 3456 Laocoonte
768 3404 919 3471 quomodo
948 3418 1010 3456 rem
1040 3403 1241 3472 descripserit,

60 3491 222 3546 nescimus.
264 3491 429 3561 Vergilium
448 3491 487 3544 ad
501 3491 702 3560 Euphorionis
717 3493 887 3547 versionem
906 3493 1041 3555 alludere
1055 3492 1240 3548 demonstra-

62 3583 117 3634 tur
137 3581 231 3649 praet.
252 3583 341 3653 pylo.

569 3674 608 3737 81
637 3675 736 3754 (153).
792 3724 794 3728 .

129 3785 132 3791 ’
174 3796 264 3862 Serv.
292 3800 370 3863 hen.
397 3799 514 3863 11341
553 3799 652 3863 Hunc
678 3806 790 3864 autem
817 3799 999 3865 Coroebum
1023 3800 1164 3865 stultum
1193 3801 1241 3863 in-

59 3906 160 3970 ducit
185 3906 395 3990 Euphorion,
421 3927 517 3990 quem
541 3915 572 3970 et
603 3907 768 3990 Verpilius
791 3908 953 3991 sequitur,
984 3909 1070 3973 dans
1096 3905 1241 3986 colliso)

62 4009 256 4095 „dolusun
279 4014 397 4093 uirtus,
432 4015 507 4096 quis
531 4015 566 4077 in
590 4014 681 4078 basle
713 4015 910 4098 ιἰιχιιιιιιι.φα
945 4035 1021 4078 cum
1053 4015 1097 4078 sit
1132 4014 1242 4097 turpis

59 4118 138 4185 dolo
166 4120 317 4202 quaesitu
341 4121 493 4184 victoria.

171 4224 280 4290 Νὴπιον
304 4237 392 4278 vocat
411 4225 465 4288 Qu.
480 4224 598 4294 Smyrn.
611 4226 684 4279 XIII
699 4226 758 4279 174.
796 4226 883 4280 Mein.
906 4226 955 4280 aff.
974 4227 1070 4295 Etym.
1085 4226 1122 4280 M.
1136 4226 1196 4291 577,
1207 4226 1242 4280 32

59 4299 228 4379 Μελιτίδης·
259 4317 303 4367 καὶ
328 4315 412 4378 οὗτος
437 4320 495 4368 τῶν
521 4316 640 4383 εὐήθων,
665 4317 703 4381 ὡς
722 4317 737 4369 ὁ
757 4315 903 4383 Μαργίτης
927 4318 971 4368 καὶ
997 4318 1012 4368 ὁ
1033 4316 1173 4381 Κόροιβος,
1199 4317 1234 4369 al.

58 4404 113 4457 cfr.
133 4403 359 4458 Radermacher
378 4403 414 4457 M.
434 4403 486 4457 Bh.
501 4403 599 4457 LXIII
612 4405 664 4458 446
676 4421 727 4474 sq,
745 4406 798 4459 450
808 4422 859 4474 sq,
877 4406 929 4460 457
940 4421 1002 4474 sqq.
