2902 4958
524 1432 916 1500 PROLEGOMENA.

245 1577 464 1642 Temerarium
481 1576 619 1641 tortasse
635 1582 709 1659 post
726 1576 759 1639 M
765 1575 969 1657 einehium,
995 1595 1149 1640 summum
1168 1575 1307 1640 omnium

134 1703 292 1749 consensu
328 1683 538 1768 philologum,
578 1681 725 1746 iuvenem
759 1682 837 1746 artis
870 1680 1086 1767 philologicae
1119 1681 1308 1748 rudimentis

133 1809 249 1854 recens
264 1788 419 1854 imbutum
434 1789 618 1872 fragmenta
630 1789 844 1873 Euphorionis
857 1788 962 1853 denuo
975 1787 1102 1854 edenda
1117 1789 1305 1873 suscepisse.

115 1896 250 1978 -Neque
274 1916 413 1978 unquam
437 1895 516 1959 mihi
539 1896 571 1960 in
595 1896 776 1979 opinionem
805 1895 914 1976 venire
944 1895 1049 1980 potuit
1079 1915 1130 1960 me
1153 1895 1308 1960 hleinekii

135 2002 178 2067 de
202 2003 409 2087 Euphorione
432 2003 547 2067 merita
570 2002 823 2085 adaequaturum
848 2022 928 2083 esse,
953 2003 1017 2085 qui,
1043 2009 1200 2085 quotquot
1215 2003 1308 2068 inda-

135 2129 215 2194 gare
239 2109 343 2194 potuit
371 2109 563 2194 fragmenta,
597 2129 720 2174 summa
748 2109 918 2192 diligentia
949 2110 1089 2192 collegit,
1122 2130 1240 2192 magno
1263 2111 1309 2173 iu-

135 2218 225 2301 genii
257 2217 404 2281 acumine
439 2226 472 2280 et
506 2216 691 2281 emendavit
726 2222 758 2280 et
793 2217 979 2301 explicavit,
1014 2217 1047 2280 in
1083 2216 1308 2282 dissertatione

138 2322 278 2405 denique
302 2322 342 2388 de
365 2325 434 2387 vita
461 2330 492 2387 et
523 2323 651 2407 scriptis
675 2323 890 2408 Euphorionis
922 2324 1006 2389 sicut
1041 2324 1072 2386 in
1109 2329 1177 2387 toto
1211 2342 1308 2407 opere

137 2429 343 2495 conficiendo
367 2437 458 2494 tantu
482 2449 558 2494 usus
582 2439 631 2495 est
655 2450 719 2494 non
741 2431 843 2495 solum
860 2429 1008 2496 doctrina
1023 2429 1081 2494 sed
1098 2431 1194 2494 etiam
1214 2429 1309 2514 copia

124 2536 319 2618 5111111111,
344 2545 381 2601 11
403 2535 504 2601 editio
533 2537 603 2602 eius
627 2537 678 2600 vel
707 2537 793 2601 lectu
822 2536 1051 2602 iucundissima
1074 2538 1125 2601 sit.
1175 2537 1309 2619 Tamen,
1404 2588 1409 2603 ,

139 2663 212 2708 cunr
228 2650 262 2708 51
276 2665 361 2709 nova
384 2644 568 2726 fragmenta
591 2652 663 2728 post
688 2665 758 2710 eam
783 2645 934 2710 nonnulla
956 2645 1170 2709 innotuissent
1193 2645 1237 2724 (l,
1257 2645 1309 2725 18,

137 2752 192 2829 24,
209 2751 263 2832 25,
279 2751 333 2826 33,
350 2752 405 2831 52,
421 2751 475 2832 62,
492 2751 546 2831 95,
564 2751 618 2832 97,
639 2753 710 2832 122,
726 2753 828 2832 (142),
848 2751 922 2832 153,
942 2752 1015 2832 155,
1028 2751 1145 2832 (151)),
1163 2749 1309 2833 equibus

136 2879 187 2940 ea,
212 2879 337 2941 quaec
361 2858 433 2924 libri
463 2845 699 2923 membranacei
730 2859 831 2940 quinti
856 2880 886 2942 p.
911 2858 984 2926 Chr.
1010 2858 1130 2922 saeculi
1163 2858 1305 2940 reliquiis

136 2965 398 3032 Berolinensibus
421 2965 525 3031 edidit
547 2965 609 3031 Ud.
635 2965 676 3030 dc
692 2965 954 3030 Wilamowitz
972 2965 1097 3045 (B(erl.)
1113 2965 1309 3047 Kl(assiker-

137 3074 240 3152 texte)
266 3073 294 3138 V
313 3076 342 3154 1,
365 3094 398 3157 p.
415 3074 456 3137 51
472 3076 568 3156 sqq),
592 3083 625 3137 51
648 3073 844 3157 amplissima
867 3079 941 3138 suut
956 3073 1094 3137 omnium
1111 3080 1145 3138 ct
1170 3071 1309 3137 maximo

136 3179 180 3244 ad
210 3187 312 3244 artem
342 3179 557 3265 Euphorionis
589 3179 846 3264 cognoscendam
876 3188 1046 3253 momento,
1077 3186 1109 3244 et
1134 3181 1192 3244 viri
1220 3179 1309 3245 docti

136 3294 210 3371 post
234 3287 430 3351 hlcinehium
464 3286 551 3351 hand
580 3286 748 3371 paneade
774 3287 984 3372 Euphorionis
1006 3286 1085 3368 vita,
1109 3287 1309 3370 fragmentis,

136 3393 224 3479 apud
249 3404 393 3478 posteros
425 3395 618 3460 auctoritate
651 3394 871 3475 contulissent,
907 3394 975 3478 ipse
999 3394 1137 3476 denique
1159 3414 1211 3458 me
1234 3415 1309 3458 non-

137 3502 227 3567 nulla
250 3502 362 3566 melius
393 3501 547 3585 expedire
580 3521 672 3585 posse
707 3502 879 3583 crederem,
913 3523 976 3567 non
1005 3522 1134 3586 prorsus
1165 3502 1308 3568 inutilem

136 3629 269 3694 operam
292 3629 396 3674 meam
420 3609 560 3673 futuram
577 3629 648 3674 esse
664 3609 785 3693 putavi.

245 3716 296 3781 De
320 3717 388 3782 vita
412 3715 626 3800 Euphorionis
651 3717 833 3781 testimonia
856 3716 984 3800 collegi,
1008 3736 1106 3800 agere
1130 3716 1307 3800 supersedi,

137 3843 201 3888 non
224 3842 287 3905 quo
311 3843 421 3887 omnes
444 3822 671 3904 difficultates,
696 3843 778 3906 quae
801 3823 864 3888 huc
884 3824 1055 3907 pertinent,
1079 3823 1223 3889 sublatus
1239 3843 1309 3890 esse

139 3929 314 4011 crederem,
343 3929 400 3994 sed
428 3931 502 4011 quia
525 3931 600 3995 novi
625 3931 668 3994 nil
692 3930 812 3995 afferre
848 3938 1004 4015 poteram,
1038 3931 1080 3995 ab
1113 3930 1185 3995 aliis
1221 3929 1309 3995 dicta

138 4045 285 4122 repetere
308 4036 499 4117 uolebam1).
546 4036 598 4101 Ι)5
628 4038 834 4120 argumentis,
866 4057 949 4120 quae
973 4037 1134 4102 enucleari
1166 4045 1308 4120 possunt,

245 4268 272 4332 1)
292 4265 352 4322 Gir.
376 4283 458 4322 nunc
476 4266 670 4323 Skutschium
689 4269 720 4322 in
745 4268 1036 4336 Paulyi·Wissorrae
1059 4268 1216 4337 encyclop.
1235 4269 1308 4322 real.

140 4371 162 4410 s.
178 4372 207 4410 1.
227 4355 411 4426 Euphorion,
