2902 4958
559 247 736 300 ..11-

62 424 115 505 sit,
141 422 282 489 dubitari
299 431 413 508 potest.
462 424 557 489 Certe
582 424 718 490 nominis
742 425 990 511 explicationem
1014 447 1077 490 non
1094 427 1135 491 ab
1153 426 1233 491 Aco-

59 531 112 597 nis
137 532 229 614 colle,
259 531 360 598 seda
386 532 466 597 dura
495 532 613 597 herbae
643 524 736 597 caute
765 535 892 618 repetit.
940 533 1040 598 Ibidis
1064 533 1232 616 6545146

60 637 175 722 procul
210 639 360 704 habendi.
408 640 480 706 Non
517 640 600 703 enim
636 639 779 720 fratrem,
815 648 850 705 ut
883 640 968 724 apud
995 640 1232 723 Euphorionem

60 745 115 825 (fr.
141 746 421 828 2216616166
450 748 535 830 patri
559 747 744 830 Harpalyce
769 747 925 812 edendum
959 748 1119 831 proponit.
1166 747 1232 813 Sed

60 851 186 917 heroid.
205 853 283 916 VIII
295 855 337 918 12
351 853 587 937 Euphorionem
604 861 733 919 secutus
749 854 895 920 Athenas
909 855 1108 938 hlopsopiam
1121 854 1231 919 urbem

57 960 242 1044 appellasse
258 959 394 1042 videtur,
421 961 479 1025 cfr.
498 967 605 1025 tamen
622 961 744 1025 Gallim.
770 954 809 1026 11.
827 961 890 1026 351
910 968 942 1026 61
960 961 1077 1026 Tibull.
1096 962 1111 1024 l
1129 963 1159 1036 I,
1176 961 1230 1025 54.

169 1067 320 1145 Quintam
354 1067 492 1150 denique
527 1067 690 1132 heroidem
726 1069 767 1133 ad
800 1068 1015 1152 Euphorionis
1051 1068 1231 1152 exemplum

59 1175 276 1258 conscriptam
311 1195 379 1240 esse
413 1175 551 1240 coniecit
580 1176 620 1239 H.
646 1177 811 1240 Wulfius
848 1177 916 1259 „De
943 1176 968 1238 V
996 1174 1134 1240 heroidis
1159 1174 1231 1239 Ovi-

58 1281 178 1346 dianae
216 1281 379 1346 fontibus“
413 1283 559 1362 (Journal
585 1283 616 1347 d.
643 1283 797 1348 Minister.
822 1283 874 1346 1111
900 1281 1105 1347 Volhsaulkl.
1136 1281 1229 1362 1891,

60 1390 210 1469 danuar).
246 1391 447 1472 Argumenta
471 1391 539 1455 eius
555 1392 633 1455 satis
657 1390 751 1454 levia.
789 1390 958 1455 Detexisse
981 1389 1042 1454 sibi
1067 1390 1154 1454 visus
1182 1395 1231 1454 est

60 1495 217 1578 quasdam
255 1498 336 1561 inter
369 1497 614 1581 Lycophronem
648 1503 679 1560 61
710 1498 735 1561 V
761 1496 857 1561 Ovidi
891 1496 957 1560 her.
987 1495 1228 1560 similitudines:

58 1602 145 1687 apud
184 1610 352 1685 utrumque
387 1603 532 1668 Oinonen
566 1603 732 1668 fatidicam
763 1605 862 1669 fuisse
895 1624 957 1668 non
991 1603 1230 1667 commemorari

58 1709 132 1791 (sed
150 1709 208 1774 cir.
222 1709 384 1794 Lycophr.
403 1733 432 1774 v.
450 1712 517 1791 57),
543 1710 629 1794 apud
653 1718 820 1793 utrumque
837 1711 945 1776 vocari
965 1711 1120 1774 Helenam
1142 1709 1229 1775 adul·

58 1824 163 1881 teram
197 1816 270 1898 (Ον.
299 1816 371 1898 1⁴25,
396 1817 558 1901 Lycophr.
592 1818 664 1898 131,
682 1815 760 1902 820)
794 1824 825 1881 et
858 1816 1024 1881 iuvencam
1056 1815 1128 1895 (Ον.
1156 1819 1229 1900 Ill,

63 1925 144 2008 Lyc.
167 1924 252 2004 102),
277 1932 444 2005 utrumque
461 1925 617 1988 Helenam
642 1924 855 2008 compluriens
879 1932 1003 2008 raptam
1028 1942 1098 1988 esse
1122 1922 1230 1987 (116616

58 2029 133 2110 (Or.
156 2031 228 2112 132,
253 2030 334 2114 Lyc.
356 2032 442 2111 146).
489 2032 548 2097 His
579 2032 676 2114 igitur
705 2031 846 2095 conlisus
877 2031 1093 2114 congruentiis
1116 2031 1162 2096 sic
1182 2052 1229 2095 ar-

23 2191 25 2195 .
60 2145 278 2221 gumentatur.
332 2137 481 2203 Ovidium
515 2138 730 2222 Lycophrone
762 2139 832 2222 ipso
867 2158 957 2202 usum
993 2157 1063 2202 esso
1098 2157 1132 2201 se
1167 2157 1229 2201 uon
1332 2188 1335 2193 .

57 2243 202 2326 credere,
228 2245 393 2328 probabile
418 2246 515 2328 igitur
540 2266 608 2310 esse
634 2265 705 2309 eum
729 2246 922 2309 imitatorem
947 2243 1104 2326 quendam
1126 2244 1229 2328 Lyco·

56 2352 191 2438 phronis
224 2352 418 2418 adhibuisse.
466 2355 571 2435 Atque
598 2353 859 2417 verisimillimum
884 2352 985 2417 videri
1019 2352 1101 2416 hunc
1126 2350 1228 2436 Lyco·

56 2459 190 2544 phronis
215 2461 416 2542 imitatorem,
442 2459 550 2524 Ovidii
575 2480 650 2524 vero
675 2468 836 2524 auctorem
861 2459 960 2524 fuisse
982 2459 1228 2542 Euphorionem,

56 2587 153 2650 quem
170 2566 356 2631 Alexandro
380 2566 421 2630 de
441 2566 573 2631 Oenona
590 2576 622 2631 61
638 2567 755 2631 Ρ611ι16
780 2566 966 2651 exposuisse
990 2572 1092 2650 putat.
1133 2566 1229 2630 Alex-

55 2674 192 2742 andrum
204 2695 280 2739 vero
293 2695 363 2739 eum
376 2696 502 2740 carmen
514 2675 714 2758 inscripsisse
725 2677 800 2754 (non
812 2674 975 2753 Paridem)
993 2672 1035 2738 ad
1048 2673 1228 2757 exemplum

53 2781 263 2847 Alexandrae
275 2782 508 2866 Lycophronis.
542 2781 636 2860 Quod
660 2790 766 2847 autem
791 2782 917 2845 unicum
945 2780 1120 2846 Alexandri
1144 2781 1228 2863 frag-

56 2896 199 2953 mentum
231 2889 272 2953 de
302 2888 395 2970 Solis,
430 2892 507 2954 urbe
531 2891 658 2955 Paridis
691 2890 888 2973 temporibus
922 2889 1020 2952 multo
1051 2889 1228 2965 recentiore

54 2997 136 3078 agit,
161 2997 194 3067 id
220 3018 257 3062 eo
282 2999 432 3082 explicat,
464 2999 701 3082 Euphorionem
731 2994 818 3061 more
848 3004 1014 3081 poetarum
1039 2995 1228 3060 Alexandri-

53 3123 168 3168 norum
203 3104 428 3188 digressiones,
463 3107 576 3188 quibus
604 3126 654 3171 res
687 3106 813 3171 futuras
844 3105 1022 3185 denotaret,
1056 3103 1227 3167 admittere

53 3210 211 3295 potuisse.
259 3213 360 3275 Attuli
385 3212 477 3293 haec,
502 3213 577 3294 quia
602 3213 752 3295 leguntur
775 3213 807 3276 iu
824 3209 1040 3295 ephemeride,
1066 3229 1147 3291 quae
1164 3230 1226 3274 non

52 3320 103 3383 116
127 3317 225 3382 166116
249 3320 427 3403 comparari
453 3324 567 3402 potest,
592 3320 732 3384 refutare
757 3340 795 3383 ea
819 3339 882 3382 non
906 3323 953 3382 est
970 3337 1112 3393 necesse.

164 3427 338 3510 Dionysius
380 3428 551 3509 Periegeta
592 3427 728 3492 fortasse
768 3426 982 3510 Euphorionis
1021 3424 1061 3488 de
1100 3424 1226 3489 aconito

50 3534 269 3597 narrationem
295 3535 347 3614 (fr.
365 3535 421 3613 35)
454 3542 581 3600 secutus
614 3542 662 3599 est
686 3557 716 3598 ν.
740 3534 803 3600 188
816 3553 884 3615 sqq.
914 3534 965 3597 καὶ
989 3533 1226 3610 Μαριανδυνῶν

49 3641 143 3719 ἱερὸν
166 3641 276 3724 πέδον,
305 3641 369 3706 ἔνθ’
394 3643 566 3706 ἐνέπουσιν
590 3642 722 3706 οὐδαίου
749 3642 904 3720 Κρονίδαο
928 3640 1026 3719 μέγαν
1050 3638 1130 3703 κύνα
1153 3643 1226 3717 χαλ-

50 3749 225 3828 κεόφωνον
254 3753 364 3828 χερσὶν
396 3750 611 3828 ἀνελκόμενον
644 3751 889 3828 μεγαλόφρονος
911 3746 1088 3826 Ἡρακλῆος
1118 3748 1225 3811 δεινὸν

49 3856 119 3921 ἀπὸ
136 3858 307 3934 στομάτων
332 3859 457 3936 βαλέειν
490 3859 652 3921 σιαλώδεα
685 3859 796 3937 χυλόν,
828 3859 886 3921 τὸν
910 3858 967 3934 μέν
991 3855 1122 3922 ἐδέξατο
1149 3858 1225 3930 γαῖα

48 3965 105 4029 καὶ
129 3963 267 4042 ἀνδράσι
290 3962 365 4044 πῆμ’
391 3965 579 4044 ἐφύτευσεν.
620 3965 801 4047 Ρ16616166,
827 3984 908 4046 quae
930 3962 1224 4044 6666116141,

48 4070 250 4137 conferenda
274 4078 357 4136 sunt.

161 4178 307 4244 Nonnum
340 4180 604 4264 Dionysiaoorum
640 4181 753 4244 bonam
789 4188 912 4264 partem
944 4179 986 4243 ad
1011 4177 1224 4262 Euphorionis

51 4287 193 4370 Dionysi
225 4268 404 4370 exemplum
434 4286 610 4353 instituisse
639 4287 727 4351 credi
756 4295 891 4371 poterat,
921 4294 1091 4368 antequam
1115 4286 1154 4349 fr.
1181 4287 1223 4349 33

48 4394 265 4461 inveniretur..
308 4393 401 4460 Nunc
426 4413 496 4457 eum
521 4394 628 4485 vel,in
657 4394 776 4478 triplici
802 4393 922 4459 Bacchi
959 4393 1083 4477 origine
1112 4393 1221 4458 adum-
