2902 4958
561 241 733 298 ,φρ-

573 532 614 594 ι4
638 531 718 610 (13).

98 679 101 690 ³
168 655 281 740 Steph.
307 657 384 740 Byz.
408 677 439 740 p.
458 656 533 736 421,
551 655 571 720 6
590 685 622 708 =
643 655 763 720 Herod.
783 656 888 736 1227,
906 655 983 738 ὅσα.
1003 656 1040 720 L.
1065 657 1234 735 Λυκαψός·

58 764 148 842 κώμη
173 764 313 840 πλησίον
337 763 470 842 Λυδίας·
497 762 669 842 Εὐφορίων
686 762 852 847 Διονύσῳ.

167 871 294 934 λύκαψος
320 868 433 935 RVPA,
457 884 532 922 corr.
553 868 639 922 Mein.
671 869 733 922 coll.
765 867 865 938 Steph.
899 868 968 939 Byz.
999 886 1019 923 e.
1047 887 1075 923 v.
1108 872 1235 937 Γαληψός

60 977 86 1029 p.
103 959 163 1025 191,
176 959 210 1011 14
223 975 264 1027 sq.
289 960 324 1011 τὰ
345 960 375 1012 δέ
394 958 431 1020 εἰς
450 975 504 1023 ψος
524 959 748 1024 ύπερδισύλλαβα
766 960 901 1025 ὀξύνεται,
922 962 1084 1028 σκινδαψός,
1103 962 1235 1028 χεραψός,

59 1050 201 1113 Λυκαψός.
218 1079 249 1086 -
263 1048 388 1115 εὐφορίω
409 1047 443 1100 R.

578 1191 617 1256 ιο
642 1193 720 1272 (12).

512 1317 639 1396 Ἂκτιος
663 1317 787 1395 Αἰγεύς.

169 1425 281 1509 Steph.
306 1427 384 1510 Byz.
409 1446 434 1490 s.
452 1447 482 1490 v.
507 1424 598 1504 Ἀκτή
623 1446 654 1508 p.
672 1426 724 1505 64,
746 1426 787 1488 13
809 1427 846 1490 τὸ
871 1426 998 1491 έθνικόν
1022 1425 1165 1505 Ἀκταῑος
1185 1431 1236 1492 καί

60 1534 189 1599 Ἀκταία
206 1535 256 1596 καὶ
272 1533 406 1610 Ἀκταιίς
424 1534 474 1596 καὶ
490 1533 592 1609 Ἀτθίς
618 1532 732 1611 (Ἀκτίς
751 1532 944 1612 Oasauben.)
968 1535 1019 1597 καὶ
1035 1532 1177 1613 Ἀκτίτης
1193 1571 1236 1581 -

61 1641 130 1705 ἔστι
157 1641 207 1705 καί
231 1639 367 1718 “Aenos
391 1637 513 1717 Αἰγεύς
537 1639 582 1716 ὡς
608 1638 782 1717 Εὐφορίων
806 1639 972 1721 Διονύσῳ.

172 1746 267 1808 ἀκτίος
280 1746 340 1800 RV.
355 1776 387 1784 -
402 1745 528 1812 εὐφορίω
543 1744 627 1797 RVP.
644 1773 673 1782 «-
690 1745 831 1797 διονύσιον
846 1744 878 1797 R.
893 1775 925 1782 -
940 1746 986 1799 De
1004 1747 1062 1801 hoc
1082 1748 1169 1816 frgm.
1184 1749 1236 1802 cfr.

62 1837 161 1906 praef.
182 1852 211 1904 p.
225 1835 250 1887 8.

575 1979 615 2043 16
641 1980 671 2057 (1
699 1981 720 2059 ).

225 2103 315 2182 ίχνος
340 2104 380 2167 ἂν
403 2103 614 2181 ’ωρυχίοισιν
638 2103 673 2166 έν
697 2103 822 2182 ἕρκεσιν
846 2103 1073 2183 ὀκλάσσαιντο.

173 2209 287 2295 Steph.
313 2211 390 2293 Byz.
415 2209 796 2293 ρ.110,14’(ι1ρύχιον,
820 2210 922 2289 τόπος
945 2215 1003 2290 τῆς
1020 2210 1175 2291 Ἀττικῆς·
1200 2215 1237 2277 τὸ

60 2319 197 2384 τοπικὸν
222 2317 394 2395 ’ωρύχιος
443 2315 616 2396 Εὐφορίων
640 2315 796 2400 Διονύσῳ
824 2314 934 2395 “ίχνος’
958 2322 1023 2382 κτλ.

174 2425 209 2476 ἄν
220 2422 393 2489 θαλασσίου,
403 2423 433 2474 έν
444 2421 556 2476 RVPA.
565 2451 593 2459 -
604 2422 756 2487 όρυχίοισιν
767 2422 837 2475 11.-
849 2422 879 2475 ἐν
890 2438 946 2476 om.
955 2423 1014 2476 PA.
1026 2454 1059 2462 -
1069 2425 1238 2480 όκλιίσοιντο

31 2496 33 2500 ’
61 2513 151 2579 RPA,
170 2513 321 2566 δκλάσαιτο
342 2511 374 2578 V,
395 2512 580 2564 όκλάσσαιντο
605 2512 652 2564 vel
672 2513 837 2565 ὀκλάξαιντο
858 2510 945 2565 Mein.
967 2543 994 2550 -
1020 2513 1065 2567 De
1084 2515 1160 2579 ἴχνος
1183 2532 1237 2585 pro

63 2604 141 2672 pede
161 2607 309 2670 usurpato
325 2602 371 2654 vel
384 2616 472 2653 crure
487 2602 538 2654 cfr.
553 2600 622 2653 Eur.
637 2599 743 2654 Bacch.
760 2601 837 2666 1134,
851 2601 939 2659 Μοίιι.
953 2603 992 2655 ad
1006 2600 1077 2656 Gall.
1098 2604 1163 2658 Del.
1177 2606 1237 2675 230,
1334 2621 1336 2624 ·

61 2693 161 2749 Nonn.
181 2691 217 2745 D.
232 2690 271 2744 IV
285 2691 338 2744 348
357 2693 402 2743 καί
422 2688 487 2755 βοὸς
506 2691 656 2757 όμφήεσσα
675 2691 849 2755 χαμευνάδος
869 2688 979 2746 ὤκλασε
999 2694 1080 2760 χηλὴ.

579 2854 618 2917 11
645 2852 723 2934 (16).

172 2979 277 3063 Etym.
304 2979 345 3046 M.
375 2999 400 3043 s.
426 3000 456 3042 ν.
481 2981 606 3057 πρηνής
637 2999 668 3063 ρ.
694 2979 769 3058 681,
796 2979 836 3042 21
868 2979 1042 3062 (contraxit
1066 2980 1181 3045 Zonar.
1204 2983 1238 3047 II

66 3088 165 3167 1585)
190 3088 267 3163 γνὺξ
291 3087 360 3150 ἐστὶ
384 3087 501 3164 κυρίως
526 3087 562 3149 τὸ
588 3085 632 3162 εἰς
649 3086 728 3161 γόνυ
746 3089 873 3149 πεσεῖν·
899 3087 983 3163 τινές
1000 3089 1035 3150 δὲ
1058 3088 1139 3152 αὐτό
1155 3105 1238 3168 φασι

62 3195 184 3258 ταύτὸν
207 3199 252 3277 τῷ
276 3194 432 3271 πρηνίξαι.
458 3195 576 3269 κακῶς·
609 3193 754 3270 διαφέρει
777 3192 853 3270 γάρ·
885 3192 923 3256 οὐ
949 3193 1081 3257 δύναται
1105 3195 1165 3273 γάρ
1189 3217 1237 3274 τις

63 3301 129 3380 ἅμα
153 3304 364 3378 πρηνιχθῆναι
388 3300 438 3362 καὶ
462 3298 638 3362 ὐικλακέναι
663 3299 714 3361 ἐπὶ
737 3299 777 3363 τὰ
800 3299 930 3375 γόνατα.
955 3302 993 3364 τό
1017 3303 1052 3364 δὲ
1068 3307 1239 3381 πρηνιχθῆ-

64 3430 117 3493 ναι
146 3409 198 3472 έπί
227 3408 264 3470 τὸ
294 3408 487 3485 πρόσωπον·
522 3403 540 3468 ό
570 3406 630 3483 γὰρ
659 3404 832 3483 Ἡρόδοτος
862 3406 999 3486 (1121)
1029 3409 1066 3471 τὸ
1090 3412 1239 3474 τοιοῦτον
1293 3426 1295 3430 ’

64 3516 219 3595 έξέφησε·
253 3518 420 3596 μεταφορᾷ
453 3513 513 3590 γὰρ
547 3513 750 3591 χρησάμενος
780 3511 848 3576 εἶπε
878 3515 935 3591 τὴν
967 3515 1062 3579 πόλιν
1090 3516 1135 3594 εἰς
1159 3517 1238 3592 γόνυ

64 3600 314 3702 πεσεῖν,’τούτο
342 3624 460 3701 δηλῶν,
494 3619 540 3698 ὡς
570 3619 614 3697 εἰς
643 3605 793 3684 δουλείαν
812 3619 923 3696 ,αὐτὴν
951 3620 1130 3699 ἀπήγαγεν·
1160 3623 1179 3686 δ
1204 3626 1239 3688 δὲ

65 3729 240 3809 Εὐφορίων
264 3728 322 3791 οὐκ
346 3727 451 3806 ὀρθῶς
477 3728 561 3803 λέγει
585 3729 656 3805 περὶ
680 3730 738 3790 τού
756 3726 934 3808 Διονύσου,
967 3727 1015 3791 ότι
1039 3734 1110 3807 ταῖς
1134 3752 1239 3806 γυναι-

65 3837 165 3914 κείαις
190 3835 318 3910 τάξεσιν
342 3834 614 3914 ἐγκελευσάμενος
631 3835 777 3913 έπρήνιξε
794 3836 852 3911 τὴν
870 3833 1110 3916 Εὐρυμέδοντος
1133 3838 1240 3922 πόλιν,

64 3945 214 4010 τουτέστι
237 3946 274 4009 τὸ
298 3943 425 4022 Ἄργος.
473 3944 665 4022 Εὐρυμέδων
690 3945 725 4007 δὲ
749 3942 767 4006 ὁ
791 3943 939 4020 Περσεὺς
963 3943 1117 4007 ἐκαλεῖτο.

176 4050 287 4104 Versus
307 4050 508 4118 Euphorionis
528 4052 570 4103 sic
589 4051 653 4103 fere
672 4050 831 4102 restituere
851 4050 978 4102 conatus
998 4054 1041 4101 est
1061 4049 1199 4103 Meineke

765 4139 888 4192 τελέεσσι
905 4136 1030 4202 γυναίοις

267 4230 433 4295 κεκλόμενος
451 4230 565 4296 πρήνιξε
585 4231 689 4293 κλυτήν
708 4229 790 4281 πόλιν
810 4228 1027 4294 Εὐρυμέδοντος.

152 4340 156 4350 ·
175 4319 259 4372 Idem
280 4319 317 4372 de
331 4318 556 4386 Eurymedonte
575 4319 696 4371 nomine
716 4320 780 4370 οὐκί.
794 4317 865 4371 Hes.
893 4317 1059 4383 Εὐρυμέδων
1078 4317 1094 4368 ό
1113 4314 1240 4383 Περσεύς
1326 4372 1336 4383 .

67 4419 97 4464 et
117 4410 162 4463 Et.
183 4407 257 4463 Gen.
278 4407 390 4476 (Magn.
404 4407 464 4475 665,
475 4407 521 4473 45)
540 4407 677 4474 Περσεύς·
