2902 4958
556 217 730 273 ,15-

56 394 147 460 nulla
169 403 251 461 snnt.
298 396 383 476 Quid
399 398 498 480 igitur
514 397 627 463 Crates
650 399 775 464 voluit?
810 400 1019 482 Posteriores,
1043 401 1070 464 si
1088 399 1233 465 deAnti-

56 503 174 570 macho
205 504 325 587 dicunt,
362 526 424 570 non
455 511 521 570 tam
552 505 753 570 Thebaidem
784 507 958 590 respiciunt
988 527 1082 589 quam
1106 507 1231 592 Lyden.

54 611 109 676 Ad
147 610 268 696 Lydes,
305 612 454 678 carminis
498 612 645 696 elegiaci,
690 615 872 698 exemplum
910 613 1004 679 Aetia
1045 613 1233 679 Callimachi

56 721 237 804 composita
261 727 361 802 erant,
403 740 485 802 quae
516 740 554 785 eo
585 726 707 784 tantum
738 720 946 802 differebant,
982 721 1067 803 quod
1091 722 1233 803 fabulae,

56 846 142 909 quae
166 828 388 909 narrabantur,
412 848 475 893 non
500 848 571 893 cum
595 828 734 916 propriis
751 836 867 912 poetae
893 829 1020 894 casibus
1044 830 1234 919 coniunctae

57 941 152 1000 erant
174 935 246 1014 (cfr.
264 935 431 1019 Jacoby,
447 935 528 999 Mus.
546 934 606 999 Rh.
624 936 667 998 60
691 957 722 1020 p.
739 936 807 1016 48).
842 937 910 1000 Iam
928 937 954 1000 si
971 943 1156 1021 reputamus
1171 936 1232 1001 Eu·

57 1028 248 1126 phorionem
269 1043 387 1106 nullam
406 1043 542 1126 elegiam
560 1040 701 1128 (Jacoby
717 1044 738 1107 l.
756 1064 784 1107 c.
802 1045 854 1127 69,
873 1045 905 1123 3)
931 1045 1097 1128 scripsisse
1121 1043 1234 1125 videri,

54 1149 176 1214 nullum
201 1155 434 1235 pentametrum
458 1151 490 1213 in
507 1149 697 1234 fragmentis
722 1152 790 1217 eins
813 1152 959 1232 inveniri,
983 1152 1016 1215 in
1040 1151 1249 1216 carminibus

56 1255 208 1338 denique,
245 1277 327 1339 quae
351 1257 393 1322 ad
417 1257 582 1322 Aeliorum
613 1257 853 1322 similitudinem
879 1259 1067 1342 composuit,
1105 1259 1233 1324 heroico

56 1383 121 1427 non
145 1363 290 1446 elegiaco
314 1385 404 1430 usum
435 1385 504 1430 esse
529 1371 640 1446 metro,
677 1385 739 1429 non
771 1365 835 1429 iam
860 1365 990 1430 dubium
1022 1385 1092 1430 esse
1117 1371 1232 1450 potest,

58 1490 115 1534 cur
139 1489 211 1535 eum
236 1478 486 1556 contemptorem
510 1471 695 1537 Antimachi
731 1474 853 1536 vocarit
889 1472 1011 1537 Crates.
1069 1474 1233 1538 Asseclam

56 1597 135 1644 vero
156 1576 296 1644 Choerili
320 1579 416 1644 simili
440 1579 481 1644 de
505 1599 603 1644 causa
627 1600 698 1644 eum
723 1579 788 1643 dici
811 1580 1019 1664 postulamus.
1068 1580 1235 1645 Choerilus

56 1692 167 1752 antem
196 1706 233 1753 eo
250 1687 401 1752 notabilis
418 1692 475 1769 est,
501 1687 586 1769 quod
604 1707 682 1772 epos
698 1686 885 1752 historicum
902 1689 934 1751 in
952 1688 1076 1752 litteras
1093 1688 1235 1753 Graecas

56 1794 196 1860 induxit.
237 1795 423 1886 *Probabile
456 1796 554 1878 igitur
592 1801 641 1859 est
681 1794 779 1859 etiam
814 1794 1052 1878 Euphorionem
1093 1796 1235 1859 carmina

57 1903 277 1986 composuisse
300 1901 465 1983 historica,
499 1922 561 1966 non
587 1901 709 1979 μεγάλα
733 1900 863 1983 quidem
888 1903 1002 1984 βιβλία,
1038 1901 1094 1967 sed
1120 1903 1235 1984 quibus

56 2010 202 2094 singulas
236 2029 297 2090 res,
333 2029 416 2092 quae
455 2011 619 2094 proposito
653 2010 870 2091 convenirent,
913 2009 1075 2093 seligeret,
1111 2009 1235 2092 reliqua

58 2124 245 2182 transcursu
285 2116 459 2200 attingeret
468 2119 500 2197 1).
565 2117 687 2197 Quibus
732 2116 907 2182 adnumero
947 2116 1164 2181 Alexandrum
1204 2122 1236 2182 et

57 2223 299 2316 Apollodprum.
347 2224 406 2289 lllo
431 2223 472 2289 de
496 2223 681 2291 Alexandro
697 2225 815 2306 Magno
839 2233 945 2289 actum
970 2244 1040 2290 esse
1064 2224 1235 2290 verisimile

58 2333 141 2397 facit
174 2331 330 2414 Selorum,
375 2332 462 2396 urhis
495 2331 683 2413 Ciliciensis
724 2332 982 2397 commemoratio
1016 2333 1067 2412 (fr.
1088 2334 1129 2411 1).
1186 2332 1236 2396 lbi

59 2440 144 2505 enim
176 2438 362 2504 Alexander
389 2439 588 2521 aliquantum
623 2444 836 2503 commoratus
868 2445 933 2520 est,
970 2438 1045 2503 inde
1080 2438 1237 2523 expediti-

10 2558 12 2563 ·
60 2566 153 2611 onem
179 2531 267 2612 fecit*
283 2552 394 2611 contra
411 2546 597 2611 Cilicienses
615 2545 757 2626 (Arriani
774 2546 868 2610 anah.
886 2547 918 2609 ll
935 2547 967 2616 5.
982 2547 1027 2627 6).
1074 2545 1236 2611 Reversus

10 2680 15 2803 l

10 2980 18 3211 l

58 2655 94 2718 ἐν
118 2654 235 2732 Σόλοις
261 2653 363 2732 θύσας
387 2675 421 2718 τε
444 2660 489 2738 τῷ
506 2652 688 2738 Ἀσκληπιῷ
712 2655 763 2722 καὶ
787 2653 979 2731 πομπεύσας
1004 2653 1102 2731 αὐτός
1127 2674 1161 2717 τε
1185 2654 1236 2716 καὶ

58 2762 78 2840 ἡ
107 2761 243 2839 στρατιὰ
272 2764 364 2825 πᾶσα
401 2763 451 2824 καὶ
485 2760 636 2839 λαμπάδα
669 2761 857 2838 ἐπιτελέσας
892 2762 942 2824 καὶ
978 2759 1088 2837 ἀγῶνα
1118 2762 1236 2838 διαθεὶς

59 2870 214 2948 γυμνικὸν
238 2870 290 2933 καὶ
313 2868 468 2948 μουσικὸν
485 2871 624 2933 Σολεῦσι
649 2873 916 2946 δημοκρατεῖσθαι
936 2868 1066 2933 ἔδωκεν.
1115 2870 1192 2950 lam,
1209 2869 1236 2932 si

60 2975 199 3058 quaeris,
224 2996 287 3058 quo
305 2976 445 3041 consilio
462 2975 639 3040 Alexandri
662 2995 713 3039 res
729 2981 839 3057 gestas
863 2977 1047 3059 exposuerit
1065 2975 1236 3059 Euphori0,

61 3082 198 3147 alterum
222 3102 294 3147 eum
324 3102 393 3148 esse
419 3082 576 3147 Achillem
605 3082 741 3166 probare
765 3081 904 3146 uoluisse
935 3081 1134 3146 crediderim.
1182 3082 1237 3147 Sic

61 3188 256 3271 Choerilum,
296 3190 539 3271 Anaximenem,
574 3188 711 3272 Agidem
742 3195 777 3252 ut
801 3208 916 3253 novum
951 3189 1127 3273 Dionysum
1157 3189 1237 3254 cele-

60 3297 171 3362 brasse
184 3296 402 3361 Alexandrum
418 3296 593 3380 probabilis
610 3303 658 3360 est
675 3296 860 3360 coniectura
873 3296 1023 3381 Koeppi
1041 3297 1104 3376 (De
1117 3296 1237 3379 Gigan-

61 3402 244 3470 tomachiae
278 3405 310 3467 in
339 3423 473 3487 poeseos
506 3404 647 3485 artisque
671 3404 882 3468 monumentis
911 3423 978 3485 usu,
1013 3403 1113 3468 Bonn.
1141 3403 1237 3485 1883,

60 3531 93 3595 p.
110 3511 181 3591 48).
217 3511 319 3589 Quam
344 3510 480 3575 libenter
504 3530 580 3574 vero
597 3530 668 3576 eum
685 3509 811 3574 Achille
835 3529 869 3574 se
894 3511 1129 3594 comparaverit
1145 3510 1239 3574 Alex-

10 3592 16 3713 l
60 3617 173 3699 ander,
203 3623 312 3682 notum
337 3625 395 3699 est,
423 3618 481 3682 cfr.
504 3617 587 3681 Plut.
605 3617 696 3680 Alex.
715 3617 746 3698 5,
771 3617 899 3681 Arriani
923 3638 974 3681 an.
992 3618 1007 3680 l
1028 3619 1077 3681 12.
1124 3618 1239 3698 ltaque

10 3740 14 3783 .·
61 3724 124 3790 bne
149 3724 255 3789 refero
278 3725 318 3788 fr.
336 3726 390 3802 92,
416 3725 467 3789 cui
491 3724 628 3788 fortasse
645 3722 850 3806 adiungenda
866 3724 905 3787 fr.
923 3724 965 3787 93
983 3731 1015 3788 et
1032 3724 1089 3788 94.
1118 3723 1239 3791 Similis

10 3838 12 3859 ²
60 3832 123 3897 init
146 3830 336 3915 Apollodori
364 3831 522 3896 condicio.
547 3831 654 3914 Frgm.
677 3831 735 3912 dli)
766 3831 873 3913 agitur
904 3829 944 3894 de
969 3830 1097 3915 Cynico,
1133 3851 1238 3913 aquo

59 3959 276 3968 μ

171 4029 198 4095 1)
217 4010 346 4082 Videtur
365 4028 441 4081 haec
461 4027 604 4094 carmina,
625 4040 704 4095 quae
724 4040 742 4078 a
762 4025 886 4093 reliquis
906 4027 1002 4093 poetis
1022 4023 1239 4078 Alexandrinis

10 4116 20 4181 ῗ
60 4120 88 4174 ei
110 4118 276 4189 opprobrio
298 4118 371 4171 data
391 4132 456 4170 esse
478 4117 635 4185 probabile
655 4120 700 4168 est
720 4115 784 4177 (cfr.
812 4115 911 4167 rixam
930 4113 1082 4184 Apollonii
1102 4118 1133 4168 et
1153 4113 1239 4168 Calli-

10 4234 13 4277 ,
59 4208 180 4275 machi),
201 4205 331 4261 Choerili
357 4207 538 4259 auctoritate
564 4206 686 4274 saepius
707 4204 887 4269 defendisse,
918 4205 997 4256 sicut
1016 4204 1107 4256 etiam
1127 4204 1240 4272 epyllia

10 4280 13 4289 ⁵
60 4298 102 4352 ad
122 4295 292 4351 Hesiodum
308 4295 371 4348 eius
392 4295 515 4363 generis
529 4295 718 4347 inventorem
732 4293 857 4346 rettulit.
895 4292 974 4346 Hinc
988 4293 1120 4362 explices
1141 4292 1240 4347 Crate-

10 4382 12 4389 ’
59 4393 143 4442 teum
165 4387 224 4452 elye
244 4384 289 4437 διὰ
308 4385 456 4450 στόματος.
