<?xml version="1.0" encoding="UTF-8"?>
<!DOCTYPE html PUBLIC "-//W3C//DTD XHTML 1.0 Transitional//EN"
    "http://www.w3.org/TR/xhtml1/DTD/xhtml1-transitional.dtd">
<html xmlns="http://www.w3.org/1999/xhtml" xml:lang="en" lang="en">
 <head>
  <title>
</title>
<meta http-equiv="Content-Type" content="text/html;charset=utf-8" />
  <meta name='ocr-system' content='tesseract 3.04.00' />
  <meta name='ocr-capabilities' content='ocr_page ocr_carea ocr_par ocr_line ocrx_word'/>
</head>
<body>
  <div class='ocr_page' id='page_1' title='image "./evphorionisfrag00schegoog_0083.png"; bbox 0 0 2902 4958; ppageno 0'>
   <div class='ocr_carea' id='block_1_1' title="bbox 725 187 899 242">
    <p class='ocr_par' dir='ltr' id='par_1_1' title="bbox 725 187 899 242">
     <span class='ocr_line' id='line_1_1' title="bbox 725 187 899 242; baseline 0 -14"><span class='ocrx_word' id='word_1_1' title='bbox 725 187 899 242; x_wconf 76' lang='lat'>-74..</span> 
     </span>
    </p>
   </div>
   <div class='ocr_carea' id='block_1_2' title="bbox 720 367 909 447">
    <p class='ocr_par' dir='ltr' id='par_1_2' title="bbox 720 367 909 447">
     <span class='ocr_line' id='line_1_2' title="bbox 720 367 909 447; baseline -0.026 -15"><span class='ocrx_word' id='word_1_2' title='bbox 720 368 782 433; x_wconf 85' lang='lat'>119</span> <span class='ocrx_word' id='word_1_3' title='bbox 808 367 909 447; x_wconf 60' lang='grc' dir='ltr'>μου).</span> 
     </span>
    </p>
   </div>
   <div class='ocr_carea' id='block_1_3' title="bbox 227 492 1398 1007">
    <p class='ocr_par' dir='ltr' id='par_1_3' title="bbox 227 492 1398 1007">
     <span class='ocr_line' id='line_1_3' title="bbox 335 492 1397 576; baseline -0.003 -15"><span class='ocrx_word' id='word_1_4' title='bbox 335 493 444 561; x_wconf 83' lang='lat' dir='ltr'><strong>Schol.</strong></span> <span class='ocrx_word' id='word_1_5' title='bbox 462 494 522 560; x_wconf 85' lang='grc' dir='ltr'>ΑΙ)</span> <span class='ocrx_word' id='word_1_6' title='bbox 541 493 633 558; x_wconf 90' lang='lat' dir='ltr'><strong>Hom.</strong></span> <span class='ocrx_word' id='word_1_7' title='bbox 660 493 769 557; x_wconf 71' lang='lat'>9602</span> <span class='ocrx_word' id='word_1_8' title='bbox 795 493 893 572; x_wconf 86' lang='grc' dir='ltr'>Νιόβη</span> <span class='ocrx_word' id='word_1_9' title='bbox 918 492 1058 572; x_wconf 86' lang='grc' dir='ltr'>θυγάτηρ</span> <span class='ocrx_word' id='word_1_10' title='bbox 1083 495 1140 572; x_wconf 79' lang='grc' dir='ltr'>μὲν</span> <span class='ocrx_word' id='word_1_11' title='bbox 1164 492 1205 572; x_wconf 85' lang='grc' dir='ltr'>ἠν</span> <span class='ocrx_word' id='word_1_12' title='bbox 1221 493 1397 576; x_wconf 87' lang='grc' dir='ltr'>Ταντάλου,</span> 
     </span>
     <span class='ocr_line' id='line_1_4' title="bbox 227 599 1398 683; baseline -0.002 -16"><span class='ocrx_word' id='word_1_13' title='bbox 227 606 307 681; x_wconf 89' lang='grc' dir='ltr'>γυνή</span> <span class='ocrx_word' id='word_1_14' title='bbox 324 604 360 667; x_wconf 87' lang='grc' dir='ltr'>δέ</span> <span class='ocrx_word' id='word_1_15' title='bbox 375 601 559 682; x_wconf 85' lang='grc' dir='ltr'>Ἀμφίονος,</span> <span class='ocrx_word' id='word_1_16' title='bbox 583 605 763 680; x_wconf 87' lang='grc' dir='ltr'>γαμηθεῖσα</span> <span class='ocrx_word' id='word_1_17' title='bbox 787 602 822 665; x_wconf 83' lang='grc' dir='ltr'>δέ</span> <span class='ocrx_word' id='word_1_18' title='bbox 845 605 891 683; x_wconf 86' lang='grc' dir='ltr'>τῷ</span> <span class='ocrx_word' id='word_1_19' title='bbox 912 599 1059 680; x_wconf 87' lang='grc' dir='ltr'>Ἀμφίονι</span> <span class='ocrx_word' id='word_1_20' title='bbox 1083 604 1201 681; x_wconf 86' lang='grc' dir='ltr'>παῖδας</span> <span class='ocrx_word' id='word_1_21' title='bbox 1225 600 1303 682; x_wconf 82' lang='grc' dir='ltr'>ἔσχε</span> <span class='ocrx_word' id='word_1_22' title='bbox 1327 602 1398 666; x_wconf 84' lang='grc' dir='ltr'>δέκα</span> 
     </span>
     <span class='ocr_line' id='line_1_5' title="bbox 228 698 1398 794; baseline -0.002 -19"><span class='ocrx_word' id='word_1_23' title='bbox 228 711 301 775; x_wconf 90' lang='grc' dir='ltr'>δύο·</span> <span class='ocrx_word' id='word_1_24' title='bbox 326 698 503 789; x_wconf 87' lang='grc' dir='ltr'>ἐπαρθεῖσα</span> <span class='ocrx_word' id='word_1_25' title='bbox 529 711 564 773; x_wconf 86' lang='grc' dir='ltr'>δέ</span> <span class='ocrx_word' id='word_1_26' title='bbox 587 716 632 794; x_wconf 83' lang='grc' dir='ltr'>τῷ</span> <span class='ocrx_word' id='word_1_27' title='bbox 656 710 769 787; x_wconf 91' lang='grc' dir='ltr'>πλήθει</span> <span class='ocrx_word' id='word_1_28' title='bbox 785 712 851 773; x_wconf 89' lang='grc' dir='ltr'>τῶν</span> <span class='ocrx_word' id='word_1_29' title='bbox 868 710 993 774; x_wconf 81' lang='grc' dir='ltr'>παίδων</span> <span class='ocrx_word' id='word_1_30' title='bbox 1018 711 1069 772; x_wconf 86' lang='grc' dir='ltr'>καὶ</span> <span class='ocrx_word' id='word_1_31' title='bbox 1093 715 1130 794; x_wconf 86' lang='grc' dir='ltr'>τῇ</span> <span class='ocrx_word' id='word_1_32' title='bbox 1154 713 1296 794; x_wconf 79' lang='grc' dir='ltr'>καλλονῇ</span> <span class='ocrx_word' id='word_1_33' title='bbox 1317 708 1398 774; x_wconf 82' lang='grc' dir='ltr'>ὠνεί-</span> 
     </span>
     <span class='ocr_line' id='line_1_6' title="bbox 228 815 1397 901; baseline -0.001 -18"><span class='ocrx_word' id='word_1_34' title='bbox 228 823 292 883; x_wconf 84' lang='grc' dir='ltr'>διζε</span> <span class='ocrx_word' id='word_1_35' title='bbox 315 824 353 901; x_wconf 83' lang='grc' dir='ltr'>τῇ</span> <span class='ocrx_word' id='word_1_36' title='bbox 377 817 483 896; x_wconf 88' lang='grc' dir='ltr'>Λητοῖ,</span> <span class='ocrx_word' id='word_1_37' title='bbox 507 816 556 881; x_wconf 87' lang='grc' dir='ltr'>ὅτι</span> <span class='ocrx_word' id='word_1_38' title='bbox 580 816 639 880; x_wconf 94' lang='grc' dir='ltr'>δύο</span> <span class='ocrx_word' id='word_1_39' title='bbox 664 816 784 896; x_wconf 88' lang='grc' dir='ltr'>μόνους</span> <span class='ocrx_word' id='word_1_40' title='bbox 809 815 991 895; x_wconf 90' lang='grc' dir='ltr'>ἐγέννησεν,</span> <span class='ocrx_word' id='word_1_41' title='bbox 1016 815 1205 883; x_wconf 79' lang='grc' dir='ltr'>Ἀπόλλωνα</span> <span class='ocrx_word' id='word_1_42' title='bbox 1228 819 1281 882; x_wconf 87' lang='grc' dir='ltr'>καὶ</span> <span class='ocrx_word' id='word_1_43' title='bbox 1297 815 1397 896; x_wconf 84' lang='grc' dir='ltr'>Ἄρτε-</span> 
     </span>
     <span class='ocr_line' id='line_1_7' title="bbox 228 923 1396 1007; baseline 0.001 -18"><span class='ocrx_word' id='word_1_44' title='bbox 228 946 290 1007; x_wconf 87' lang='grc' dir='ltr'>μιν,</span> <span class='ocrx_word' id='word_1_45' title='bbox 315 926 366 989; x_wconf 86' lang='grc' dir='ltr'>καί</span> <span class='ocrx_word' id='word_1_46' title='bbox 390 925 439 989; x_wconf 89' lang='grc' dir='ltr'>ὅτι</span> <span class='ocrx_word' id='word_1_47' title='bbox 464 924 680 1003; x_wconf 88' lang='grc' dir='ltr'>εύτεκνωτέρα</span> <span class='ocrx_word' id='word_1_48' title='bbox 705 924 803 1001; x_wconf 87' lang='grc' dir='ltr'>αὐτῆς</span> <span class='ocrx_word' id='word_1_49' title='bbox 829 923 929 988; x_wconf 89' lang='grc' dir='ltr'>ἐστιν.</span> <span class='ocrx_word' id='word_1_50' title='bbox 969 923 1222 1002; x_wconf 86' lang='grc' dir='ltr'>ἀγανακτήσασα</span> <span class='ocrx_word' id='word_1_51' title='bbox 1239 926 1275 989; x_wconf 84' lang='grc' dir='ltr'>δὲ</span> <span class='ocrx_word' id='word_1_52' title='bbox 1292 926 1312 1004; x_wconf 83' lang='grc' dir='ltr'>ἡ</span> <span class='ocrx_word' id='word_1_53' title='bbox 1329 925 1396 1003; x_wconf 86' lang='grc' dir='ltr'>θεὸς</span> 
     </span>
    </p>
   </div>
   <div class='ocr_carea' id='block_1_4' title="bbox 120 1030 1396 1112">
    <p class='ocr_par' dir='ltr' id='par_1_4' title="bbox 120 1030 1396 1112">
     <span class='ocr_line' id='line_1_8' title="bbox 120 1030 1396 1112; baseline -0.002 -15"><span class='ocrx_word' id='word_1_54' title='bbox 120 1056 121 1059; x_wconf 63' lang='grc'>’</span> <span class='ocrx_word' id='word_1_55' title='bbox 228 1032 371 1112; x_wconf 83' lang='grc' dir='ltr'>ἐπεμψεν</span> <span class='ocrx_word' id='word_1_56' title='bbox 394 1032 463 1110; x_wconf 85' lang='grc' dir='ltr'>ἰούς</span> <span class='ocrx_word' id='word_1_57' title='bbox 486 1037 555 1110; x_wconf 90' lang='grc' dir='ltr'>τοῖς</span> <span class='ocrx_word' id='word_1_58' title='bbox 572 1033 685 1096; x_wconf 85' lang='grc' dir='ltr'>παισὶν</span> <span class='ocrx_word' id='word_1_59' title='bbox 702 1031 816 1111; x_wconf 85' lang='grc' dir='ltr'>αὐτῆς·</span> <span class='ocrx_word' id='word_1_60' title='bbox 842 1033 893 1095; x_wconf 87' lang='grc' dir='ltr'>καῖ</span> <span class='ocrx_word' id='word_1_61' title='bbox 910 1030 1079 1097; x_wconf 79' lang='grc' dir='ltr'>Ἀπόλλων</span> <span class='ocrx_word' id='word_1_62' title='bbox 1095 1034 1153 1110; x_wconf 84' lang='grc' dir='ltr'>μὲν</span> <span class='ocrx_word' id='word_1_63' title='bbox 1168 1032 1246 1111; x_wconf 89' lang='grc' dir='ltr'>τοὺς</span> <span class='ocrx_word' id='word_1_64' title='bbox 1264 1031 1396 1111; x_wconf 83' lang='grc' dir='ltr'>ἄρρενας</span> 
     </span>
    </p>
   </div>
   <div class='ocr_carea' id='block_1_5' title="bbox 143 1137 1397 1763">
    <p class='ocr_par' dir='ltr' id='par_1_5' title="bbox 143 1137 1397 1649">
     <span class='ocr_line' id='line_1_9' title="bbox 143 1137 1395 1224; baseline -0.002 -19"><span class='ocrx_word' id='word_1_65' title='bbox 143 1192 144 1196; x_wconf 65' lang='lat'>,</span> <span class='ocrx_word' id='word_1_66' title='bbox 228 1140 351 1220; x_wconf 88' lang='grc' dir='ltr'>ἀναιρεῖ</span> <span class='ocrx_word' id='word_1_67' title='bbox 373 1143 629 1219; x_wconf 83' lang='grc' dir='ltr'>κυνηγετοῦντας</span> <span class='ocrx_word' id='word_1_68' title='bbox 654 1139 689 1203; x_wconf 87' lang='grc' dir='ltr'>ἐν</span> <span class='ocrx_word' id='word_1_69' title='bbox 713 1145 758 1224; x_wconf 79' lang='grc' dir='ltr'>τῷ</span> <span class='ocrx_word' id='word_1_70' title='bbox 777 1140 955 1220; x_wconf 85' lang='grc' dir='ltr'>Κιθαιρῶνι,</span> <span class='ocrx_word' id='word_1_71' title='bbox 980 1137 1126 1219; x_wconf 88' lang='grc' dir='ltr'>Ἄρτεμις</span> <span class='ocrx_word' id='word_1_72' title='bbox 1144 1141 1179 1203; x_wconf 81' lang='grc' dir='ltr'>δὲ</span> <span class='ocrx_word' id='word_1_73' title='bbox 1195 1139 1255 1219; x_wconf 91' lang='grc' dir='ltr'>τάς</span> <span class='ocrx_word' id='word_1_74' title='bbox 1273 1141 1395 1218; x_wconf 80' lang='grc' dir='ltr'>θηλείας</span> 
     </span>
     <span class='ocr_line' id='line_1_10' title="bbox 229 1245 1397 1325; baseline -0.001 -14"><span class='ocrx_word' id='word_1_75' title='bbox 229 1245 279 1311; x_wconf 90' lang='grc' dir='ltr'>ἐπ’</span> <span class='ocrx_word' id='word_1_76' title='bbox 304 1246 393 1311; x_wconf 86' lang='grc' dir='ltr'>οἴκου</span> <span class='ocrx_word' id='word_1_77' title='bbox 418 1246 532 1325; x_wconf 88' lang='grc' dir='ltr'>οὔσας.</span> <span class='ocrx_word' id='word_1_78' title='bbox 557 1250 743 1325; x_wconf 82' lang='grc' dir='ltr'>θρηνοῦσαν</span> <span class='ocrx_word' id='word_1_79' title='bbox 768 1245 828 1310; x_wconf 86' lang='grc' dir='ltr'>οὖν</span> <span class='ocrx_word' id='word_1_80' title='bbox 851 1247 910 1324; x_wconf 89' lang='grc' dir='ltr'>τὴν</span> <span class='ocrx_word' id='word_1_81' title='bbox 930 1246 1050 1325; x_wconf 88' lang='grc' dir='ltr'>Νιόβην</span> <span class='ocrx_word' id='word_1_82' title='bbox 1073 1246 1110 1311; x_wconf 87' lang='grc' dir='ltr'>τὸ</span> <span class='ocrx_word' id='word_1_83' title='bbox 1135 1250 1265 1311; x_wconf 85' lang='grc' dir='ltr'>τοιοῦτο</span> <span class='ocrx_word' id='word_1_84' title='bbox 1290 1247 1397 1312; x_wconf 81' lang='grc' dir='ltr'>δυστύ·</span> 
     </span>
     <span class='ocr_line' id='line_1_11' title="bbox 229 1353 1396 1434; baseline 0.001 -17"><span class='ocrx_word' id='word_1_85' title='bbox 229 1375 313 1434; x_wconf 91' lang='grc' dir='ltr'>χημα</span> <span class='ocrx_word' id='word_1_86' title='bbox 335 1353 418 1432; x_wconf 90' lang='grc' dir='ltr'>Ζεὺς</span> <span class='ocrx_word' id='word_1_87' title='bbox 451 1354 589 1434; x_wconf 87' lang='grc' dir='ltr'>ἐλεήσας</span> <span class='ocrx_word' id='word_1_88' title='bbox 619 1354 663 1432; x_wconf 91' lang='grc' dir='ltr'>εἰς</span> <span class='ocrx_word' id='word_1_89' title='bbox 693 1354 783 1418; x_wconf 90' lang='grc' dir='ltr'>λίθον</span> <span class='ocrx_word' id='word_1_90' title='bbox 807 1354 990 1434; x_wconf 84' lang='grc' dir='ltr'>μετέβαλεν,</span> <span class='ocrx_word' id='word_1_91' title='bbox 1026 1353 1072 1433; x_wconf 79' lang='grc' dir='ltr'>ῶς</span> <span class='ocrx_word' id='word_1_92' title='bbox 1096 1355 1146 1419; x_wconf 90' lang='grc' dir='ltr'>καὶ</span> <span class='ocrx_word' id='word_1_93' title='bbox 1171 1355 1261 1434; x_wconf 87' lang='grc' dir='ltr'>μέχρι</span> <span class='ocrx_word' id='word_1_94' title='bbox 1286 1358 1346 1419; x_wconf 87' lang='grc' dir='ltr'>νύν</span> <span class='ocrx_word' id='word_1_95' title='bbox 1368 1355 1396 1418; x_wconf 85' lang='grc' dir='ltr'>ἐν</span> 
     </span>
     <span class='ocr_line' id='line_1_12' title="bbox 229 1460 1396 1546; baseline -0.001 -20"><span class='ocrx_word' id='word_1_96' title='bbox 229 1462 356 1546; x_wconf 84' lang='grc' dir='ltr'>(ιπύλῳ</span> <span class='ocrx_word' id='word_1_97' title='bbox 379 1466 436 1540; x_wconf 90' lang='grc' dir='ltr'>τής</span> <span class='ocrx_word' id='word_1_98' title='bbox 455 1462 597 1541; x_wconf 87' lang='grc' dir='ltr'>Φρυγίας</span> <span class='ocrx_word' id='word_1_99' title='bbox 622 1461 735 1540; x_wconf 85' lang='grc' dir='ltr'>ὁρᾶται</span> <span class='ocrx_word' id='word_1_100' title='bbox 760 1462 847 1540; x_wconf 90' lang='grc' dir='ltr'>παρὰ</span> <span class='ocrx_word' id='word_1_101' title='bbox 863 1460 995 1526; x_wconf 91' lang='grc' dir='ltr'>πάντων</span> <span class='ocrx_word' id='word_1_102' title='bbox 1012 1461 1117 1540; x_wconf 89' lang='grc' dir='ltr'>πηγὰς</span> <span class='ocrx_word' id='word_1_103' title='bbox 1135 1460 1286 1539; x_wconf 83' lang='grc' dir='ltr'>δακρύων</span> <span class='ocrx_word' id='word_1_104' title='bbox 1301 1470 1396 1543; x_wconf 88' lang='grc' dir='ltr'>προῖε-</span> 
     </span>
     <span class='ocr_line' id='line_1_13' title="bbox 230 1568 843 1649; baseline -0.003 -15"><span class='ocrx_word' id='word_1_105' title='bbox 230 1571 318 1649; x_wconf 90' lang='grc' dir='ltr'>μένη.</span> <span class='ocrx_word' id='word_1_106' title='bbox 342 1569 361 1648; x_wconf 87' lang='grc' dir='ltr'>ἡ</span> <span class='ocrx_word' id='word_1_107' title='bbox 384 1569 512 1648; x_wconf 77' lang='grc' dir='ltr'>ἱστορία</span> <span class='ocrx_word' id='word_1_108' title='bbox 536 1569 622 1648; x_wconf 86' lang='grc' dir='ltr'>παρὰ</span> <span class='ocrx_word' id='word_1_109' title='bbox 646 1568 843 1648; x_wconf 90' lang='grc' dir='ltr'>Εὐφορίωνι.</span> 
     </span>
    </p>

    <p class='ocr_par' dir='ltr' id='par_1_6' title="bbox 338 1692 1397 1763">
     <span class='ocr_line' id='line_1_14' title="bbox 338 1692 1397 1763; baseline -0.002 -16"><span class='ocrx_word' id='word_1_110' title='bbox 338 1692 492 1763; x_wconf 88' lang='lat' dir='ltr'><strong>Euphorio</strong></span> <span class='ocrx_word' id='word_1_111' title='bbox 523 1709 555 1747; x_wconf 90' lang='lat' dir='ltr'>se</span> <span class='ocrx_word' id='word_1_112' title='bbox 585 1693 756 1763; x_wconf 77' lang='lat' dir='ltr'><strong>applicasse</strong></span> <span class='ocrx_word' id='word_1_113' title='bbox 785 1693 906 1746; x_wconf 83' lang='lat' dir='ltr'><strong>videtur</strong></span> <span class='ocrx_word' id='word_1_114' title='bbox 936 1692 974 1746; x_wconf 90' lang='lat' dir='ltr'>ad</span> <span class='ocrx_word' id='word_1_115' title='bbox 1004 1692 1090 1746; x_wconf 92' lang='lat' dir='ltr'><strong>Hom.</strong></span> <span class='ocrx_word' id='word_1_116' title='bbox 1122 1696 1153 1748; x_wconf 88' lang='grc' dir='ltr'>ω</span> <span class='ocrx_word' id='word_1_117' title='bbox 1182 1692 1235 1747; x_wconf 79' lang='lat'>602</span> <span class='ocrx_word' id='word_1_118' title='bbox 1250 1708 1294 1762; x_wconf 91' lang='lat' dir='ltr'><strong>sq.</strong></span> <span class='ocrx_word' id='word_1_119' title='bbox 1347 1693 1397 1749; x_wconf 84' lang='lat' dir='ltr'><strong>Cir.</strong></span> 
     </span>
    </p>
   </div>
   <div class='ocr_carea' id='block_1_6' title="bbox 229 1779 1397 1957">
    <p class='ocr_par' dir='ltr' id='par_1_7' title="bbox 229 1779 1397 1957">
     <span class='ocr_line' id='line_1_15' title="bbox 229 1779 1396 1852; baseline 0.001 -16"><span class='ocrx_word' id='word_1_120' title='bbox 229 1779 367 1851; x_wconf 79' lang='lat' dir='ltr'><strong>Apollod.</strong></span> <span class='ocrx_word' id='word_1_121' title='bbox 388 1781 432 1835; x_wconf 92' lang='lat' dir='ltr'>III</span> <span class='ocrx_word' id='word_1_122' title='bbox 450 1781 486 1836; x_wconf 81' lang='lat'>45</span> <span class='ocrx_word' id='word_1_123' title='bbox 497 1797 540 1851; x_wconf 91' lang='lat' dir='ltr'><strong>sq.</strong></span> <span class='ocrx_word' id='word_1_124' title='bbox 577 1781 624 1836; x_wconf 93' lang='lat' dir='ltr'><strong>De</strong></span> <span class='ocrx_word' id='word_1_125' title='bbox 644 1784 763 1851; x_wconf 83' lang='lat' dir='ltr'><strong>pictura</strong></span> <span class='ocrx_word' id='word_1_126' title='bbox 783 1782 908 1852; x_wconf 78' lang='lat' dir='ltr'><strong>parietis</strong></span> <span class='ocrx_word' id='word_1_127' title='bbox 923 1782 1129 1852; x_wconf 82' lang='lat' dir='ltr'><strong>Pompeianae</strong></span> <span class='ocrx_word' id='word_1_128' title='bbox 1144 1797 1163 1835; x_wconf 87' lang='lat' dir='ltr'><strong>a</strong></span> <span class='ocrx_word' id='word_1_129' title='bbox 1177 1782 1396 1837; x_wconf 82' lang='lat' dir='ltr'><strong>Wilamowilnio</strong></span> 
     </span>
     <span class='ocr_line' id='line_1_16' title="bbox 231 1871 1397 1957; baseline 0.002 -33"><span class='ocrx_word' id='word_1_130' title='bbox 231 1872 269 1925; x_wconf 89' lang='lat' dir='ltr'>ad</span> <span class='ocrx_word' id='word_1_131' title='bbox 290 1872 490 1957; x_wconf 75' lang='lat' dir='ltr'><strong>Euphorionis</strong></span> <span class='ocrx_word' id='word_1_132' title='bbox 511 1872 682 1926; x_wconf 80' lang='lat' dir='ltr'><strong>versionem</strong></span> <span class='ocrx_word' id='word_1_133' title='bbox 701 1872 797 1925; x_wconf 88' lang='lat' dir='ltr'><strong>relata</strong></span> <span class='ocrx_word' id='word_1_134' title='bbox 817 1873 870 1925; x_wconf 84' lang='lat' dir='ltr'><strong>cir.</strong></span> <span class='ocrx_word' id='word_1_135' title='bbox 883 1871 995 1926; x_wconf 82' lang='lat' dir='ltr'><strong>Roberi</strong></span> <span class='ocrx_word' id='word_1_136' title='bbox 1005 1871 1106 1926; x_wconf 90' lang='lat' dir='ltr'><strong>Herm.</strong></span> <span class='ocrx_word' id='word_1_137' title='bbox 1117 1871 1244 1925; x_wconf 88' lang='lat' dir='ltr'>XXXVI</span> <span class='ocrx_word' id='word_1_138' title='bbox 1259 1889 1287 1942; x_wconf 93' lang='lat' dir='ltr'>p.</span> <span class='ocrx_word' id='word_1_139' title='bbox 1298 1874 1352 1928; x_wconf 81' lang='lat'>370</span> <span class='ocrx_word' id='word_1_140' title='bbox 1362 1889 1397 1942; x_wconf 89' lang='lat' dir='ltr'><strong>sq.</strong></span> 
     </span>
    </p>
   </div>
   <div class='ocr_carea' id='block_1_7' title="bbox 722 2033 912 2114">
    <p class='ocr_par' dir='ltr' id='par_1_8' title="bbox 722 2033 912 2114">
     <span class='ocr_line' id='line_1_17' title="bbox 722 2033 912 2114; baseline -0.005 -17"><span class='ocrx_word' id='word_1_141' title='bbox 722 2033 785 2098; x_wconf 80' lang='lat'>120</span> <span class='ocrx_word' id='word_1_142' title='bbox 810 2033 912 2114; x_wconf 81' lang='lat'>(1081.</span> 
     </span>
    </p>
   </div>
   <div class='ocr_carea' id='block_1_8' title="bbox 231 2176 1400 2472">
    <p class='ocr_par' dir='ltr' id='par_1_9' title="bbox 231 2176 1400 2472">
     <span class='ocr_line' id='line_1_18' title="bbox 337 2176 1399 2258; baseline 0.002 -16"><span class='ocrx_word' id='word_1_143' title='bbox 337 2176 445 2242; x_wconf 84' lang='lat' dir='ltr'><strong>Sehol.</strong></span> <span class='ocrx_word' id='word_1_144' title='bbox 471 2177 530 2240; x_wconf 89' lang='grc' dir='ltr'>ΑΙ)</span> <span class='ocrx_word' id='word_1_145' title='bbox 555 2177 648 2241; x_wconf 87' lang='grc' dir='ltr'>Ηοιυ.</span> <span class='ocrx_word' id='word_1_146' title='bbox 673 2177 694 2240; x_wconf 70' lang='grc' dir='ltr'>ί</span> <span class='ocrx_word' id='word_1_147' title='bbox 717 2177 783 2241; x_wconf 90' lang='grc'>486</span> <span class='ocrx_word' id='word_1_148' title='bbox 806 2176 934 2256; x_wconf 85' lang='grc' dir='ltr'>Ὑριεὺς</span> <span class='ocrx_word' id='word_1_149' title='bbox 958 2178 1204 2258; x_wconf 88' lang='grc' dir='ltr'>δΠοσειδιῖινος</span> <span class='ocrx_word' id='word_1_150' title='bbox 1229 2181 1282 2243; x_wconf 88' lang='grc' dir='ltr'>καὶ</span> <span class='ocrx_word' id='word_1_151' title='bbox 1297 2176 1399 2244; x_wconf 86' lang='grc' dir='ltr'>Ἀλκυ-</span> 
     </span>
     <span class='ocr_line' id='line_1_19' title="bbox 231 2283 1400 2370; baseline 0 -20"><span class='ocrx_word' id='word_1_152' title='bbox 231 2287 320 2367; x_wconf 85' lang='grc' dir='ltr'>όνης,</span> <span class='ocrx_word' id='word_1_153' title='bbox 346 2288 419 2364; x_wconf 90' lang='grc' dir='ltr'>μιᾶς</span> <span class='ocrx_word' id='word_1_154' title='bbox 443 2288 509 2348; x_wconf 85' lang='grc' dir='ltr'>τῶν</span> <span class='ocrx_word' id='word_1_155' title='bbox 526 2283 702 2362; x_wconf 85' lang='grc' dir='ltr'>Ἄτλαντος</span> <span class='ocrx_word' id='word_1_156' title='bbox 727 2286 924 2367; x_wconf 84' lang='grc' dir='ltr'>θυγατέρων,</span> <span class='ocrx_word' id='word_1_157' title='bbox 948 2286 1022 2369; x_wconf 80' lang='grc' dir='ltr'>ιβκει</span> <span class='ocrx_word' id='word_1_158' title='bbox 1047 2287 1104 2364; x_wconf 81' lang='grc' dir='ltr'>μὲν</span> <span class='ocrx_word' id='word_1_159' title='bbox 1128 2286 1163 2350; x_wconf 92' lang='grc' dir='ltr'>ἐν</span> <span class='ocrx_word' id='word_1_160' title='bbox 1180 2287 1333 2370; x_wconf 86' lang='grc' dir='ltr'>Τανάγρᾳ</span> <span class='ocrx_word' id='word_1_161' title='bbox 1349 2289 1400 2365; x_wconf 88' lang='grc' dir='ltr'>τῆς</span> 
     </span>
     <span class='ocr_line' id='line_1_20' title="bbox 232 2392 1399 2472; baseline 0 -14"><span class='ocrx_word' id='word_1_162' title='bbox 232 2393 397 2472; x_wconf 87' lang='grc' dir='ltr'>Βοιωτίας,</span> <span class='ocrx_word' id='word_1_163' title='bbox 422 2392 680 2472; x_wconf 81' lang='grc' dir='ltr'>φιλοξενώτατος</span> <span class='ocrx_word' id='word_1_164' title='bbox 699 2394 734 2458; x_wconf 83' lang='grc' dir='ltr'>δὲ</span> <span class='ocrx_word' id='word_1_165' title='bbox 750 2393 925 2472; x_wconf 89' lang='grc' dir='ltr'>γενόμενος</span> <span class='ocrx_word' id='word_1_166' title='bbox 943 2393 1118 2458; x_wconf 83' lang='grc' dir='ltr'>ὑπεδέξατό</span> <span class='ocrx_word' id='word_1_167' title='bbox 1136 2413 1214 2458; x_wconf 91' lang='grc' dir='ltr'>ποτε</span> <span class='ocrx_word' id='word_1_168' title='bbox 1231 2396 1282 2458; x_wconf 93' lang='grc' dir='ltr'>καὶ</span> <span class='ocrx_word' id='word_1_169' title='bbox 1299 2394 1399 2472; x_wconf 85' lang='grc' dir='ltr'>θεούς.</span> 
     </span>
    </p>
   </div>
   <div class='ocr_carea' id='block_1_9' title="bbox 228 2499 1441 3122">
    <p class='ocr_par' dir='ltr' id='par_1_10' title="bbox 228 2499 1441 3122">
     <span class='ocr_line' id='line_1_21' title="bbox 230 2499 1400 2584; baseline -0.003 -17"><span class='ocrx_word' id='word_1_170' title='bbox 230 2500 314 2583; x_wconf 82' lang='grc' dir='ltr'>Ζεὺς</span> <span class='ocrx_word' id='word_1_171' title='bbox 337 2500 398 2580; x_wconf 91' lang='grc' dir='ltr'>γὰρ</span> <span class='ocrx_word' id='word_1_172' title='bbox 422 2501 473 2565; x_wconf 89' lang='grc' dir='ltr'>καὶ</span> <span class='ocrx_word' id='word_1_173' title='bbox 488 2500 661 2565; x_wconf 87' lang='grc' dir='ltr'>Ποσειδῶν</span> <span class='ocrx_word' id='word_1_174' title='bbox 685 2503 736 2565; x_wconf 87' lang='grc' dir='ltr'>καὶ</span> <span class='ocrx_word' id='word_1_175' title='bbox 756 2499 873 2580; x_wconf 85' lang='grc' dir='ltr'>Ἑρμῆς</span> <span class='ocrx_word' id='word_1_176' title='bbox 898 2501 1144 2579; x_wconf 84' lang='grc' dir='ltr'>ἐπιξενωθέντες</span> <span class='ocrx_word' id='word_1_177' title='bbox 1168 2500 1256 2584; x_wconf 81' lang='grc' dir='ltr'>αὐτῷ</span> <span class='ocrx_word' id='word_1_178' title='bbox 1281 2504 1332 2567; x_wconf 89' lang='grc' dir='ltr'>καὶ</span> <span class='ocrx_word' id='word_1_179' title='bbox 1348 2504 1400 2580; x_wconf 87' lang='grc' dir='ltr'>τήν</span> 
     </span>
     <span class='ocr_line' id='line_1_22' title="bbox 230 2595 1441 2694; baseline 0.002 -23"><span class='ocrx_word' id='word_1_180' title='bbox 230 2595 481 2689; x_wconf 77' lang='grc' dir='ltr'>φιλοφροσύνην</span> <span class='ocrx_word' id='word_1_181' title='bbox 505 2607 748 2688; x_wconf 83' lang='grc' dir='ltr'>ἀποδεξάμενοι,</span> <span class='ocrx_word' id='word_1_182' title='bbox 773 2612 963 2692; x_wconf 85' lang='grc' dir='ltr'>παρῄνεσαν</span> <span class='ocrx_word' id='word_1_183' title='bbox 987 2608 1086 2672; x_wconf 87' lang='grc' dir='ltr'>αἰτεῖν</span> <span class='ocrx_word' id='word_1_184' title='bbox 1111 2607 1160 2672; x_wconf 88' lang='grc' dir='ltr'>δ’τι</span> <span class='ocrx_word' id='word_1_185' title='bbox 1185 2608 1225 2672; x_wconf 86' lang='grc' dir='ltr'>ἀν</span> <span class='ocrx_word' id='word_1_186' title='bbox 1242 2609 1399 2688; x_wconf 91' lang='grc' dir='ltr'>βούλοιτο.</span> <span class='ocrx_word' id='word_1_187' title='bbox 1440 2690 1441 2694; x_wconf 9' lang='lat'>¹</span> 
     </span>
     <span class='ocr_line' id='line_1_23' title="bbox 228 2713 1399 2800; baseline 0.001 -22"><span class='ocrx_word' id='word_1_188' title='bbox 228 2716 250 2797; x_wconf 83' lang='grc' dir='ltr'>-ὃ</span> <span class='ocrx_word' id='word_1_189' title='bbox 274 2716 313 2778; x_wconf 79' lang='grc' dir='ltr'>δὲ</span> <span class='ocrx_word' id='word_1_190' title='bbox 333 2713 466 2795; x_wconf 78' lang='grc' dir='ltr'>ἄτεκνος</span> <span class='ocrx_word' id='word_1_191' title='bbox 491 2715 538 2780; x_wconf 84' lang='grc' dir='ltr'>ὢν</span> <span class='ocrx_word' id='word_1_192' title='bbox 560 2716 704 2800; x_wconf 80' lang='grc' dir='ltr'>ᾐτήσατο</span> <span class='ocrx_word' id='word_1_193' title='bbox 728 2721 837 2781; x_wconf 91' lang='grc' dir='ltr'>παῖδα.</span> <span class='ocrx_word' id='word_1_194' title='bbox 863 2715 1017 2796; x_wconf 90' lang='grc' dir='ltr'>λαβόντες</span> <span class='ocrx_word' id='word_1_195' title='bbox 1042 2714 1101 2779; x_wconf 90' lang='grc' dir='ltr'>ούν</span> <span class='ocrx_word' id='word_1_196' title='bbox 1126 2715 1156 2780; x_wconf 86' lang='grc' dir='ltr'>οῖ</span> <span class='ocrx_word' id='word_1_197' title='bbox 1180 2718 1247 2781; x_wconf 93' lang='grc' dir='ltr'>θεοὶ</span> <span class='ocrx_word' id='word_1_198' title='bbox 1271 2718 1332 2795; x_wconf 89' lang='grc' dir='ltr'>τὴν</span> <span class='ocrx_word' id='word_1_199' title='bbox 1348 2719 1399 2782; x_wconf 86' lang='grc' dir='ltr'>τού</span> 
     </span>
     <span class='ocr_line' id='line_1_24' title="bbox 230 2821 1401 2905; baseline 0 -18"><span class='ocrx_word' id='word_1_200' title='bbox 230 2823 494 2905; x_wconf 85' lang='grc' dir='ltr'>ἱερουργηθέντος</span> <span class='ocrx_word' id='word_1_201' title='bbox 525 2823 636 2902; x_wconf 87' lang='grc' dir='ltr'>αὐτοῖς</span> <span class='ocrx_word' id='word_1_202' title='bbox 671 2825 748 2904; x_wconf 88' lang='grc' dir='ltr'>βοὸς</span> <span class='ocrx_word' id='word_1_203' title='bbox 783 2823 906 2902; x_wconf 88' lang='grc' dir='ltr'>βύρσαν</span> <span class='ocrx_word' id='word_1_204' title='bbox 939 2821 1191 2901; x_wconf 90' lang='grc' dir='ltr'>ἀπεσπέρμηναν</span> <span class='ocrx_word' id='word_1_205' title='bbox 1227 2823 1273 2904; x_wconf 82' lang='grc' dir='ltr'>εἰς</span> <span class='ocrx_word' id='word_1_206' title='bbox 1305 2824 1401 2903; x_wconf 87' lang='grc' dir='ltr'>αύτήν</span> 
     </span>
     <span class='ocr_line' id='line_1_25' title="bbox 231 2930 1398 3011; baseline 0.002 -17"><span class='ocrx_word' id='word_1_207' title='bbox 231 2931 282 2995; x_wconf 88' lang='grc' dir='ltr'>καὶ</span> <span class='ocrx_word' id='word_1_208' title='bbox 305 2931 479 3011; x_wconf 87' lang='grc' dir='ltr'>ἐκέλευσαν</span> <span class='ocrx_word' id='word_1_209' title='bbox 503 2931 622 3010; x_wconf 89' lang='grc' dir='ltr'>κρύψαι</span> <span class='ocrx_word' id='word_1_210' title='bbox 645 2933 725 2997; x_wconf 91' lang='grc' dir='ltr'>κατά</span> <span class='ocrx_word' id='word_1_211' title='bbox 748 2937 808 3010; x_wconf 90' lang='grc' dir='ltr'>γῆν</span> <span class='ocrx_word' id='word_1_212' title='bbox 832 2932 883 2995; x_wconf 87' lang='grc' dir='ltr'>καὶ</span> <span class='ocrx_word' id='word_1_213' title='bbox 907 2931 984 3009; x_wconf 89' lang='grc' dir='ltr'>μετά</span> <span class='ocrx_word' id='word_1_214' title='bbox 1001 2931 1078 2995; x_wconf 90' lang='grc' dir='ltr'>δέκα</span> <span class='ocrx_word' id='word_1_215' title='bbox 1095 2934 1196 3009; x_wconf 91' lang='grc' dir='ltr'>μῆνας</span> <span class='ocrx_word' id='word_1_216' title='bbox 1213 2930 1398 2998; x_wconf 86' lang='grc' dir='ltr'>ἀνελέσθαι·</span> 
     </span>
     <span class='ocr_line' id='line_1_26' title="bbox 232 3021 1400 3122; baseline 0.003 -20"><span class='ocrx_word' id='word_1_217' title='bbox 232 3021 283 3103; x_wconf 82' lang='grc' dir='ltr'>ὧν</span> <span class='ocrx_word' id='word_1_218' title='bbox 311 3039 506 3106; x_wconf 90' lang='grc' dir='ltr'>διελθόντων</span> <span class='ocrx_word' id='word_1_219' title='bbox 539 3024 667 3116; x_wconf 87' lang='grc' dir='ltr'>ἐγένετο</span> <span class='ocrx_word' id='word_1_220' title='bbox 696 3039 714 3102; x_wconf 88' lang='grc' dir='ltr'>ὁ</span> <span class='ocrx_word' id='word_1_221' title='bbox 739 3039 876 3122; x_wconf 86' lang='grc' dir='ltr'>Οὐρίων,</span> <span class='ocrx_word' id='word_1_222' title='bbox 912 3036 1017 3117; x_wconf 87' lang='grc' dir='ltr'>οὕτως</span> <span class='ocrx_word' id='word_1_223' title='bbox 1053 3036 1248 3119; x_wconf 81' lang='grc' dir='ltr'>ὀνομασθείς</span> <span class='ocrx_word' id='word_1_224' title='bbox 1282 3041 1400 3115; x_wconf 83' lang='grc' dir='ltr'>διὰτὸ</span> 
     </span>
    </p>
   </div>
   <div class='ocr_carea' id='block_1_10' title="bbox 231 3145 1405 3989">
    <p class='ocr_par' dir='ltr' id='par_1_11' title="bbox 231 3145 1404 3873">
     <span class='ocr_line' id='line_1_27' title="bbox 231 3145 1401 3228; baseline 0 -18"><span class='ocrx_word' id='word_1_225' title='bbox 231 3147 369 3225; x_wconf 88' lang='grc' dir='ltr'>ούρῆσαι</span> <span class='ocrx_word' id='word_1_226' title='bbox 393 3148 503 3226; x_wconf 85' lang='grc' dir='ltr'>ὥσπερ</span> <span class='ocrx_word' id='word_1_227' title='bbox 529 3151 582 3228; x_wconf 82' lang='lat' dir='ltr'><strong>(an</strong></span> <span class='ocrx_word' id='word_1_228' title='bbox 606 3149 644 3212; x_wconf 90' lang='grc' dir='ltr'>τὸ</span> <span class='ocrx_word' id='word_1_229' title='bbox 669 3149 797 3226; x_wconf 92' lang='grc' dir='ltr'>σπέρμα</span> <span class='ocrx_word' id='word_1_230' title='bbox 824 3145 960 3225; x_wconf 70' lang='grc' dir='ltr'>αὐτοῖιῖ)</span> <span class='ocrx_word' id='word_1_231' title='bbox 989 3147 1066 3224; x_wconf 85' lang='grc' dir='ltr'>τούς</span> <span class='ocrx_word' id='word_1_232' title='bbox 1096 3145 1203 3228; x_wconf 85' lang='grc' dir='ltr'>θεούς,</span> <span class='ocrx_word' id='word_1_233' title='bbox 1237 3146 1348 3213; x_wconf 80' lang='grc' dir='ltr'>ἔπειτα</span> <span class='ocrx_word' id='word_1_234' title='bbox 1371 3148 1401 3212; x_wconf 80' lang='grc' dir='ltr'>δέ</span> 
     </span>
     <span class='ocr_line' id='line_1_28' title="bbox 231 3253 1401 3338; baseline 0 -19"><span class='ocrx_word' id='word_1_235' title='bbox 231 3256 299 3321; x_wconf 86' lang='grc' dir='ltr'>κατ’</span> <span class='ocrx_word' id='word_1_236' title='bbox 333 3256 537 3338; x_wconf 87' lang='grc' dir='ltr'>εὐφημισμὸν</span> <span class='ocrx_word' id='word_1_237' title='bbox 580 3255 707 3336; x_wconf 83' lang='grc' dir='ltr'>Ὠρίων.</span> <span class='ocrx_word' id='word_1_238' title='bbox 747 3263 993 3336; x_wconf 81' lang='grc' dir='ltr'>συγκυνηγετιῖιν</span> <span class='ocrx_word' id='word_1_239' title='bbox 1036 3257 1070 3320; x_wconf 89' lang='grc' dir='ltr'>δέ</span> <span class='ocrx_word' id='word_1_240' title='bbox 1111 3254 1208 3332; x_wconf 85' lang='grc' dir='ltr'>οὗτος</span> <span class='ocrx_word' id='word_1_241' title='bbox 1249 3253 1401 3335; x_wconf 88' lang='grc' dir='ltr'>Ἀρτέμιδι</span> 
     </span>
     <span class='ocr_line' id='line_1_29' title="bbox 231 3349 1402 3447; baseline -0.003 -18"><span class='ocrx_word' id='word_1_242' title='bbox 231 3364 438 3447; x_wconf 85' lang='grc' dir='ltr'>ἐπεχείρησεν</span> <span class='ocrx_word' id='word_1_243' title='bbox 468 3363 569 3443; x_wconf 83' lang='grc' dir='ltr'>αὐτὴν</span> <span class='ocrx_word' id='word_1_244' title='bbox 597 3364 779 3444; x_wconf 91' lang='grc' dir='ltr'>βιάσασθαι.</span> <span class='ocrx_word' id='word_1_245' title='bbox 811 3365 1002 3443; x_wconf 85' lang='grc' dir='ltr'>ὀργισθεῖσα</span> <span class='ocrx_word' id='word_1_246' title='bbox 1031 3365 1066 3428; x_wconf 82' lang='grc' dir='ltr'>δὲ</span> <span class='ocrx_word' id='word_1_247' title='bbox 1095 3363 1114 3442; x_wconf 90' lang='grc' dir='ltr'>ἡ</span> <span class='ocrx_word' id='word_1_248' title='bbox 1139 3362 1214 3440; x_wconf 90' lang='grc' dir='ltr'>θεὸς</span> <span class='ocrx_word' id='word_1_249' title='bbox 1244 3349 1402 3428; x_wconf 87' lang='grc' dir='ltr'>ἀνέδωκεν</span> 
     </span>
     <span class='ocr_line' id='line_1_30' title="bbox 232 3468 1403 3554; baseline -0.003 -18"><span class='ocrx_word' id='word_1_250' title='bbox 232 3473 268 3536; x_wconf 84' lang='grc' dir='ltr'>ἐκ</span> <span class='ocrx_word' id='word_1_251' title='bbox 288 3477 347 3550; x_wconf 76' lang='grc' dir='ltr'>’τῆς</span> <span class='ocrx_word' id='word_1_252' title='bbox 381 3476 439 3550; x_wconf 88' lang='grc' dir='ltr'>γῆς</span> <span class='ocrx_word' id='word_1_253' title='bbox 471 3473 639 3554; x_wconf 88' lang='grc' dir='ltr'>σκορπίον,</span> <span class='ocrx_word' id='word_1_254' title='bbox 674 3472 712 3550; x_wconf 87' lang='grc' dir='ltr'>ὃς</span> <span class='ocrx_word' id='word_1_255' title='bbox 745 3472 845 3537; x_wconf 87' lang='grc' dir='ltr'>αὐτὸν</span> <span class='ocrx_word' id='word_1_256' title='bbox 869 3474 991 3551; x_wconf 81' lang='grc' dir='ltr'>πλήξας</span> <span class='ocrx_word' id='word_1_257' title='bbox 1016 3471 1095 3536; x_wconf 91' lang='grc' dir='ltr'>κατὰ</span> <span class='ocrx_word' id='word_1_258' title='bbox 1119 3472 1176 3535; x_wconf 89' lang='grc' dir='ltr'>τὸν</span> <span class='ocrx_word' id='word_1_259' title='bbox 1199 3468 1403 3550; x_wconf 92' lang='grc' dir='ltr'>ἀστράγαλον</span> 
     </span>
     <span class='ocr_line' id='line_1_31' title="bbox 232 3565 1402 3669; baseline -0.002 -26"><span class='ocrx_word' id='word_1_260' title='bbox 232 3567 406 3645; x_wconf 86' lang='grc' dir='ltr'>ἀπέκτεινε.</span> <span class='ocrx_word' id='word_1_261' title='bbox 453 3579 536 3658; x_wconf 91' lang='grc' dir='ltr'>Ζεὺς</span> <span class='ocrx_word' id='word_1_262' title='bbox 562 3565 596 3643; x_wconf 83' lang='grc' dir='ltr'>δὲ</span> <span class='ocrx_word' id='word_1_263' title='bbox 622 3580 837 3658; x_wconf 90' lang='grc' dir='ltr'>συμπαθήσας</span> <span class='ocrx_word' id='word_1_264' title='bbox 868 3580 1098 3658; x_wconf 91' lang='grc' dir='ltr'>κατηστέρισεν</span> <span class='ocrx_word' id='word_1_265' title='bbox 1132 3577 1242 3642; x_wconf 88' lang='grc' dir='ltr'>αὐτόν.</span> <span class='ocrx_word' id='word_1_266' title='bbox 1275 3580 1327 3642; x_wconf 91' lang='grc' dir='ltr'>διὸ</span> <span class='ocrx_word' id='word_1_267' title='bbox 1350 3580 1402 3669; x_wconf 85' lang='grc' dir='ltr'>τού</span> 
     </span>
     <span class='ocr_line' id='line_1_32' title="bbox 233 3685 1404 3767; baseline -0.002 -16"><span class='ocrx_word' id='word_1_268' title='bbox 233 3689 390 3766; x_wconf 90' lang='grc' dir='ltr'>σκορπίου</span> <span class='ocrx_word' id='word_1_269' title='bbox 424 3686 662 3767; x_wconf 88' lang='grc' dir='ltr'>ἀνατέλλοντος</span> <span class='ocrx_word' id='word_1_270' title='bbox 695 3688 713 3752; x_wconf 89' lang='grc' dir='ltr'>ὁ</span> <span class='ocrx_word' id='word_1_271' title='bbox 743 3687 861 3767; x_wconf 86' lang='grc' dir='ltr'>Ὠρίων</span> <span class='ocrx_word' id='word_1_272' title='bbox 894 3688 992 3754; x_wconf 88' lang='grc' dir='ltr'>δύνει.</span> <span class='ocrx_word' id='word_1_273' title='bbox 1028 3688 1046 3766; x_wconf 87' lang='grc' dir='ltr'>ἡ</span> <span class='ocrx_word' id='word_1_274' title='bbox 1078 3687 1204 3765; x_wconf 87' lang='grc' dir='ltr'>ἱστορία</span> <span class='ocrx_word' id='word_1_275' title='bbox 1238 3686 1327 3765; x_wconf 90' lang='grc' dir='ltr'>παρὰ</span> <span class='ocrx_word' id='word_1_276' title='bbox 1346 3685 1404 3750; x_wconf 87' lang='grc' dir='ltr'>Ἐύ-</span> 
     </span>
     <span class='ocr_line' id='line_1_33' title="bbox 233 3778 395 3873; baseline 0.006 -15"><span class='ocrx_word' id='word_1_277' title='bbox 233 3778 395 3873; x_wconf 76' lang='grc' dir='ltr'>φορίωνι.Ι</span> 
     </span>
    </p>

    <p class='ocr_par' dir='ltr' id='par_1_12' title="bbox 321 3917 1405 3989">
     <span class='ocr_line' id='line_1_34' title="bbox 321 3917 1405 3989; baseline -0.001 -17"><span class='ocrx_word' id='word_1_278' title='bbox 321 3919 492 3989; x_wconf 80' lang='lat' dir='ltr'><strong>-Exsorips</strong></span> <span class='ocrx_word' id='word_1_279' title='bbox 513 3919 649 3973; x_wconf 79' lang='lat' dir='ltr'><strong>Eudooia</strong></span> <span class='ocrx_word' id='word_1_280' title='bbox 669 3936 696 3989; x_wconf 94' lang='lat' dir='ltr'>p.</span> <span class='ocrx_word' id='word_1_281' title='bbox 716 3919 768 3973; x_wconf 90' lang='grc'>441</span> <span class='ocrx_word' id='word_1_282' title='bbox 799 3924 828 3974; x_wconf 84' lang='lat' dir='ltr'><strong>et</strong></span> <span class='ocrx_word' id='word_1_283' title='bbox 857 3917 1000 3972; x_wconf 87' lang='lat' dir='ltr'><strong>Arsenius</strong></span> <span class='ocrx_word' id='word_1_284' title='bbox 1024 3934 1051 3988; x_wconf 81' lang='lat' dir='ltr'>p¹</span> <span class='ocrx_word' id='word_1_285' title='bbox 1072 3918 1126 3971; x_wconf 80' lang='grc'>400</span> <span class='ocrx_word' id='word_1_286' title='bbox 1145 3917 1189 3971; x_wconf 89' lang='lat' dir='ltr'>W.</span> <span class='ocrx_word' id='word_1_287' title='bbox 1228 3917 1263 3970; x_wconf 91' lang='lat' dir='ltr'><strong>In</strong></span> <span class='ocrx_word' id='word_1_288' title='bbox 1290 3917 1405 3974; x_wconf 88' lang='lat' dir='ltr'><strong>Orionis</strong></span> 
     </span>
    </p>
   </div>
   <div class='ocr_carea' id='block_1_11' title="bbox 157 4007 1406 4078">
    <p class='ocr_par' dir='ltr' id='par_1_13' title="bbox 157 4007 1406 4078">
     <span class='ocr_line' id='line_1_35' title="bbox 157 4007 1406 4078; baseline -0.003 -16"><span class='ocrx_word' id='word_1_289' title='bbox 157 4058 159 4062; x_wconf 76' lang='grc'>,</span> <span class='ocrx_word' id='word_1_290' title='bbox 233 4009 387 4063; x_wconf 86' lang='lat' dir='ltr'><strong>natalibus</strong></span> <span class='ocrx_word' id='word_1_291' title='bbox 407 4008 614 4066; x_wconf 70' lang='lat' dir='ltr'><strong>describendis</strong></span> <span class='ocrx_word' id='word_1_292' title='bbox 629 4009 781 4078; x_wconf 88' lang='lat' dir='ltr'><strong>Euphorio</strong></span> <span class='ocrx_word' id='word_1_293' title='bbox 795 4009 960 4062; x_wconf 86' lang='lat' dir='ltr'><strong>Pindarum</strong></span> <span class='ocrx_word' id='word_1_294' title='bbox 980 4012 1101 4062; x_wconf 81' lang='lat' dir='ltr'><strong>secutus</strong></span> <span class='ocrx_word' id='word_1_295' title='bbox 1122 4022 1187 4062; x_wconf 90' lang='lat' dir='ltr'><strong>esse</strong></span> <span class='ocrx_word' id='word_1_296' title='bbox 1203 4007 1336 4076; x_wconf 84' lang='lat' dir='ltr'><strong>videtur,</strong></span> <span class='ocrx_word' id='word_1_297' title='bbox 1357 4008 1406 4062; x_wconf 86' lang='lat' dir='ltr'><strong>oir.</strong></span> 
     </span>
    </p>
   </div>
   <div class='ocr_carea' id='block_1_12' title="bbox 224 4096 1426 4443">
    <p class='ocr_par' dir='ltr' id='par_1_14' title="bbox 224 4096 1426 4443">
     <span class='ocr_line' id='line_1_36' title="bbox 230 4096 1426 4166; baseline 0 -15"><span class='ocrx_word' id='word_1_298' title='bbox 230 4099 268 4151; x_wconf 81' lang='lat' dir='ltr'><strong>ir.</strong></span> <span class='ocrx_word' id='word_1_299' title='bbox 288 4098 322 4153; x_wconf 80' lang='lat'>13</span> <span class='ocrx_word' id='word_1_300' title='bbox 342 4096 409 4153; x_wconf 86' lang='lat' dir='ltr'><strong>Chr.</strong></span> <span class='ocrx_word' id='word_1_301' title='bbox 448 4096 602 4153; x_wconf 74' lang='lat' dir='ltr'><strong>Consentia</strong></span> <span class='ocrx_word' id='word_1_302' title='bbox 622 4113 690 4152; x_wconf 90' lang='lat' dir='ltr'>oum</span> <span class='ocrx_word' id='word_1_303' title='bbox 711 4113 746 4152; x_wconf 87' lang='lat' dir='ltr'><strong>eo</strong></span> <span class='ocrx_word' id='word_1_304' title='bbox 767 4097 901 4158; x_wconf 82' lang='lat' dir='ltr'><strong>Ovidius.</strong></span> <span class='ocrx_word' id='word_1_305' title='bbox 931 4098 982 4151; x_wconf 86' lang='lat' dir='ltr'><strong>ofr.</strong></span> <span class='ocrx_word' id='word_1_306' title='bbox 1003 4097 1099 4166; x_wconf 81' lang='lat' dir='ltr'><strong>praef.</strong></span> <span class='ocrx_word' id='word_1_307' title='bbox 1119 4113 1145 4166; x_wconf 93' lang='lat' dir='ltr'>p.</span> <span class='ocrx_word' id='word_1_308' title='bbox 1166 4097 1200 4149; x_wconf 90' lang='grc'>10</span> <span class='ocrx_word' id='word_1_309' title='bbox 1224 4101 1255 4151; x_wconf 81' lang='lat' dir='ltr'><strong>el</strong></span> <span class='ocrx_word' id='word_1_310' title='bbox 1274 4097 1426 4164; x_wconf 65' lang='lat' dir='ltr'><strong>Nonnun-</strong></span> 
     </span>
     <span class='ocr_line' id='line_1_37' title="bbox 234 4186 1408 4258; baseline -0.001 -17"><span class='ocrx_word' id='word_1_311' title='bbox 234 4189 328 4257; x_wconf 88' lang='lat' dir='ltr'><strong>praei.</strong></span> <span class='ocrx_word' id='word_1_312' title='bbox 347 4204 375 4258; x_wconf 94' lang='lat' dir='ltr'>p.</span> <span class='ocrx_word' id='word_1_313' title='bbox 397 4187 437 4242; x_wconf 79' lang='lat'>12.</span> <span class='ocrx_word' id='word_1_314' title='bbox 476 4187 510 4242; x_wconf 91' lang='lat' dir='ltr'><strong>ln</strong></span> <span class='ocrx_word' id='word_1_315' title='bbox 531 4186 650 4243; x_wconf 90' lang='lat' dir='ltr'><strong>Orionis</strong></span> <span class='ocrx_word' id='word_1_316' title='bbox 672 4192 766 4242; x_wconf 84' lang='lat' dir='ltr'><strong>morte</strong></span> <span class='ocrx_word' id='word_1_317' title='bbox 792 4187 965 4241; x_wconf 88' lang='lat' dir='ltr'><strong>enarranda</strong></span> <span class='ocrx_word' id='word_1_318' title='bbox 985 4188 1023 4240; x_wconf 89' lang='lat' dir='ltr'>ab</span> <span class='ocrx_word' id='word_1_319' title='bbox 1043 4186 1248 4255; x_wconf 84' lang='lat' dir='ltr'><strong>Euphorionis</strong></span> <span class='ocrx_word' id='word_1_320' title='bbox 1268 4188 1408 4245; x_wconf 87' lang='lat' dir='ltr'><strong>versione</strong></span> 
     </span>
     <span class='ocr_line' id='line_1_38' title="bbox 234 4274 1408 4348; baseline -0.001 -17"><span class='ocrx_word' id='word_1_321' title='bbox 234 4277 273 4332; x_wconf 87' lang='lat' dir='ltr'>ad</span> <span class='ocrx_word' id='word_1_322' title='bbox 302 4279 460 4348; x_wconf 81' lang='lat' dir='ltr'><strong>vulgatam</strong></span> <span class='ocrx_word' id='word_1_323' title='bbox 493 4278 656 4332; x_wconf 75' lang='lat' dir='ltr'><strong>deflexisse</strong></span> <span class='ocrx_word' id='word_1_324' title='bbox 688 4277 880 4332; x_wconf 79' lang='lat' dir='ltr'><strong>scholiastam</strong></span> <span class='ocrx_word' id='word_1_325' title='bbox 901 4274 1052 4344; x_wconf 80' lang='lat' dir='ltr'><strong>(Schultze</strong></span> <span class='ocrx_word' id='word_1_326' title='bbox 1072 4276 1291 4345; x_wconf 74' lang='lat' dir='ltr'><strong>Euphor-iones</strong></span> <span class='ocrx_word' id='word_1_327' title='bbox 1316 4293 1346 4346; x_wconf 93' lang='lat' dir='ltr'>p.</span> <span class='ocrx_word' id='word_1_328' title='bbox 1364 4276 1408 4342; x_wconf 85' lang='grc'>40)</span> 
     </span>
     <span class='ocr_line' id='line_1_39' title="bbox 224 4367 868 4443; baseline -0.002 -22"><span class='ocrx_word' id='word_1_329' title='bbox 224 4367 366 4443; x_wconf 81' lang='lat' dir='ltr'><strong>ostendit</strong></span> <span class='ocrx_word' id='word_1_330' title='bbox 385 4368 599 4437; x_wconf 83' lang='lat' dir='ltr'><strong>fragmentum,</strong></span> <span class='ocrx_word' id='word_1_331' title='bbox 620 4367 708 4434; x_wconf 88' lang='lat' dir='ltr'><strong>quod</strong></span> <span class='ocrx_word' id='word_1_332' title='bbox 722 4368 868 4435; x_wconf 84' lang='lat' dir='ltr'><strong>sequitur.</strong></span> 
     </span>
    </p>
   </div>
   <div class='ocr_carea' id='block_1_13' title="bbox 0 0 1464 4958">
    <p class='ocr_par' dir='ltr' id='par_1_15' title="bbox 0 0 1464 4958">
     <span class='ocr_line' id='line_1_40' title="bbox 0 0 1464 4958; baseline 0 0"><span class='ocrx_word' id='word_1_333' title='bbox 0 0 1464 4958; x_wconf 95' lang='lat' dir='ltr'> </span> 
     </span>
    </p>
   </div>
  </div>
 </body>
</html>
