2902 4958
722 220 896 273 ,10-

227 400 367 479 (Κήυκος
390 399 504 481 γάμος,
539 397 780 479 Ἐπιθαλάμιον,
814 400 950 476 θησέως
974 399 1019 476 εἰς
1052 398 1162 462 Ἅιδου
1195 398 1395 477 κατάβασις).

226 507 294 572 lam
311 514 456 592 apparet,
481 527 537 570 cur
561 507 733 572 verisimile
758 526 827 572 esse
852 505 989 570 iudicem
1007 506 1244 590 Euphorionem
1269 507 1395 590 potissi-

225 634 308 678 mum
334 611 601 678 ScutiHesiodei
626 614 866 697 compositionis
890 621 991 677 artem
1022 613 1182 677 imitatum
1212 633 1282 678 esse
1310 633 1396 676 eum-

225 722 342 804 quein
368 741 407 785 ea
431 740 464 784 re
489 720 615 785 Catullo
640 721 788 805 exemplo
811 720 920 785 fuisse.
1201 706 1207 715 ⁴

310 847 313 855 ’
333 828 438 892 Etiam
455 828 488 891 in
504 827 618 910 elegiis
632 827 846 911 Euphorionis
869 829 1008 910 vestigia
1032 835 1161 892 secutus
1182 847 1252 891 esse
1270 826 1397 890 ridetur

225 936 345 1001 Gallus.
399 934 616 1019 Euphorionis
648 937 732 998 enirn
763 935 857 1016 frgm.
886 937 925 998 41
964 936 1175 1019 aPropertio
1217 935 1397 998 imitatione

226 1062 409 1128 expressum
435 1041 580 1107 videmus
605 1043 635 1106 ΙΙ
653 1043 707 1121 34,
732 1042 770 1105 91
788 1061 836 1122 sq.

378 1151 423 1214 Et
442 1152 537 1214 modo
551 1152 704 1234 formoso
720 1171 820 1233 quam
836 1150 944 1213 rrrulta
962 1150 1125 1234 Lycoride
1145 1150 1266 1214 Gallos

432 1264 585 1321 mortuus
609 1257 748 1340 inferno
770 1257 914 1321 volnera
942 1257 1025 1321 lavit
1049 1277 1148 1339 aquo.

228 1363 424 1428 Schultue
449 1363 467 1426 l.
494 1383 521 1427 c.
546 1384 577 1447 p.
602 1363 705 1444 54sq.
741 1364 820 1426 hene
849 1364 985 1428 coniecit
1009 1363 1147 1440 Gallum,
1173 1382 1266 1443 quae
1299 1363 1397 1426 verba

228 1472 390 1556 Euphorio
425 1470 465 1534 de
498 1471 607 1534 saucio
633 1469 782 1534 Adonide
815 1478 1010 1553 usurpasset,
1046 1471 1079 1533 in
1108 1469 1209 1551 elegis
1235 1469 1329 1533 dese
1354 1470 1399 1532 in-

226 1580 314 1643 felici
340 1598 447 1644 amore
471 1577 597 1642 afflicto
623 1577 725 1661 ipsum
752 1577 936 1643 adhibuisse
963 1580 1039 1658 (quo
1065 1576 1154 1642 ducit
1182 1578 1279 1641 etiarn
1300 1577 1396 1658 Verg.

228 1687 286 1750 ecl.
312 1686 354 1767 X,
388 1686 452 1767 uhi,
487 1704 569 1766 quae
599 1684 639 1749 de
664 1684 812 1749 Adonide
835 1687 989 1750 moriente
1015 1686 1175 1750 cecinerat
1195 1685 1398 1763 Theocritus,

228 1792 269 1856 ad
288 1793 416 1857 Gallum
435 1793 591 1856 translata
615 1796 786 1876 apparent)
811 1812 946 1874 eumque
971 1793 1074 1857 locum
1100 1793 1303 1857 obversatum
1329 1810 1399 1855 esse

229 1900 406 1984 Propertio.
1207 1981 1208 1984 Ἴ

337 2007 498 2089 Vergilius
521 2027 595 2070 num
619 2007 651 2069 in
676 2005 777 2069 caede
803 2007 997 2071 Laocoontis
1026 2006 1229 2088 filiorumque
1253 2007 1320 2069 eius
1346 2004 1399 2068 de·

230 2113 401 2180 sorihenda
418 2113 654 2198 Euphorionem
680 2121 807 2178 secutus
832 2115 883 2195 sit,
909 2135 970 2177 non
989 2121 1131 2192 constat3
1157 2114 1284 2177 omnino
1305 2114 1399 2193 enim,

230 2242 304 2285 num
330 2220 525 2285 Laocoontis
549 2220 711 2304 Euphorio
744 2223 935 2285 mentionem
971 2220 1095 2301 feeerit,
1130 2221 1298 2296 nescimus,
1333 2218 1422 2283 vid.-

230 2326 303 2395 adn.
329 2327 370 2392 ad
395 2328 457 2410 frg.
483 2328 535 2391 80.
583 2328 705 2391 Tamen
740 2348 850 2393 versus
874 2330 936 2392 201
973 2328 1144 2409 „Laocoon
1176 2326 1291 2391 ductus
1315 2328 1400 2410 Nep·

231 2441 306 2499 tuno
323 2443 409 2499 sorte
426 2433 613 2510 sace1·dos“,
639 2434 692 2516 qui
710 2434 923 2518 Euphorionis
941 2442 1064 2499 tantum
1081 2435 1263 2498 narratione
1281 2434 1334 2512 (fr.
1346 2435 1400 2512 80)

170 2591 175 2603 .
231 2542 418 2626 explicatur,
449 2541 522 2605 huie
547 2540 657 2605 deberi
684 2541 819 2605 videtur.
868 2542 974 2606 Etiam
998 2542 1062 2605 alio
1088 2541 1158 2605 loco
1182 2561 1216 2605 se
1240 2539 1399 2623 Euphori-

230 2650 300 2715 onis
317 2651 494 2714 versionem
514 2647 675 2731 cognitam
693 2648 811 2713 hahere
829 2657 913 2714 tecte
937 2649 1110 2731 significat.
1148 2643 1186 2711 V.
1204 2649 1236 2711 ll
1254 2649 1297 2712 34
1317 2649 1400 2712 enirn

231 2756 307 2821 illud
334 2755 452 2838 „dolo“
478 2755 539 2819 nisi
557 2755 770 2839 Euphorionis
787 2756 825 2819 ir.
845 2757 887 2820 65
905 2764 1090 2840 comparato
1115 2755 1259 2838 intellegi
1280 2757 1399 2837 nequit.

337 2863 386 2927 De
419 2861 525 2927 Ovidii
562 2864 739 2928 imitatione
778 2863 1003 2947 Euphorionea
1038 2871 1138 2945 agunt
1168 2861 1299 2926 Rohde
1331 2863 1399 2941 (Gr.

230 2971 354 3035 Roman
372 2991 402 3053 p.
418 2971 491 3052 127,
512 2972 541 3049 1)
557 2976 590 3034 et
607 2970 799 3035 Sehultue
818 2971 836 3034 l.
855 2992 881 3035 c.
907 2992 937 3054 p.
959 2971 998 3034 19
1012 2991 1079 3052 sqq.
1128 2967 1292 3054 Euphorio
1310 2970 1400 3034 initio

231 3077 407 3162 Hyacinthi
435 3076 515 3142 duas
540 3077 580 3142 de
604 3077 773 3162 hyacinthi
798 3080 922 3162 origine
946 3079 1074 3143 fabulas
1098 3078 1207 3159 affert,
1233 3098 1312 3159 quas
1329 3098 1400 3142 oon·

229 3186 356 3250 iunctas
380 3185 514 3268 legimus
540 3185 627 3269 apud
652 3186 711 3251 Ov.
736 3187 810 3251 Met.
841 3186 873 3250 X
897 3186 1043 3267 206sqq.
1080 3194 1112 3249 et
1145 3185 1227 3248 Xlll
1252 3186 1400 3267 394sqq.

231 3293 485 3376 „rubefactaque
508 3295 664 3376 sanguine
682 3294 817 3375 (Aiacis)
840 3293 934 3358 tellus
945 3314 1161 3377 purpureum
1177 3292 1272 3357 viridi
1290 3295 1402 3374 genuit

233 3399 273 3464 de
291 3403 433 3485 caespite
451 3401 574 3482 florem,
601 3402 654 3482 qui
671 3402 758 3485 prius
778 3400 912 3465 Oebalio
930 3401 1033 3464 fuerat
1057 3400 1097 3465 de
1122 3400 1250 3464 vulnere
1275 3401 1401 3466 natus.“

231 3508 306 3573 Met.
332 3509 397 3573 XII
426 3509 487 3572 159
501 3529 571 3590 sqq.
597 3510 693 3573 otium
725 3508 920 3573 Graecorum
945 3509 1156 3588 Nestorisque
1184 3506 1403 3572 fabulationes

232 3636 293 3680 non
318 3617 385 3683 sine
402 3615 616 3700 Euphorionis
641 3616 788 3699 exemplo
813 3615 1023 3699 descripsisse
1047 3613 1185 3693 videtur,
1211 3614 1269 3677 eir.
1288 3635 1317 3678 v.
1341 3616 1401 3678 159

235 3722 311 3808 „sed
337 3733 462 3788 noctem
492 3743 636 3788 sermone
666 3721 815 3787 trahunt“
853 3743 924 3787 eum
957 3723 1053 3805 frgm.
1078 3722 1120 3786 73
1145 3730 1177 3785 et
1200 3742 1228 3785 y.
1253 3722 1318 3785 556
1332 3743 1402 3805 sqq.

233 3831 336 3908 „Mira
360 3831 572 3914 Periclymeni
596 3851 680 3895 mors
704 3840 762 3895 est.
793 3832 843 3895 cui
872 3851 966 3914 posse
999 3831 1123 3912 figuras
1156 3849 1290 3911 sumere,
1324 3827 1404 3911 quas

234 3938 340 4021 vellet,
375 3958 544 4020 rursusque
578 3957 733 4021 reponere
766 3945 910 4022 sumptas
932 3938 1099 4021 Neptunus
1128 3935 1273 4017 dederat,
1309 3936 1403 4002 Nelei

233 4045 398 4128 sanguinis
421 4044 552 4110 auetor“
580 4065 651 4108 curn
675 4045 714 4110 fr.
741 4047 792 4110 74.
840 4044 1006 4109 Consentit
1036 4063 1107 4108 cum
1132 4044 1337 4128 Euphorione
1369 4045 1402 4107 in

233 4152 360 4218 Orionis
384 4160 454 4217 ortu
476 4152 687 4217 describendo
709 4153 796 4233 (fast.
816 4153 842 4215 V
859 4151 1137 4216 auo-usumfr.
1159 4153 1244 4232 120),
1269 4159 1403 4215 mortem

231 4260 324 4325 aliter
355 4268 463 4326 narrat
496 4261 583 4339 (fast.
610 4260 889 4325 out-oslmfr.
910 4261 996 4341 121).
1056 4262 1093 4324 In
1126 4259 1245 4325 aconiti
1279 4260 1405 4342 origine

232 4367 395 4433 narranda
419 4368 507 4447 (Met.
528 4367 589 4430 Vll
605 4368 795 4447 408-419)
830 4388 904 4431 num
940 4366 1146 4452 Euphorione
1174 4367 1226 4445 (fr.
1244 4367 1300 4445 35)
1329 4387 1410 4432 usus-
