2902 4958
561 235 737 292 ..33-

61 435 80 474 a
100 420 182 490 fuga¹
197 434 343 488 equorum
363 417 539 487 Amphiarai
563 419 605 487 ito
630 418 741 470 dictum
767 433 833 470 esso
859 417 1051 470 conicientes.
1096 415 1235 471 Ceterum

62 509 114 561 ofr.
129 507 339 580 Antim.f1·.52
358 510 400 560 τὼ
421 506 445 560 δ’
465 507 527 561 οὐτ’
548 508 619 574 ἀμφὶ
638 508 803 561 κονισάλεον
822 507 987 577 πεπονήατο
1008 505 1118 578 δίφρον,
1137 505 1236 560 Νοιιιιί

60 592 95 651 λλ
112 598 154 657 36,
166 598 226 651 227.
1073 587 1075 592 ’

579 741 621 804 22
647 741 727 820 (2ολ.

171 870 322 950 Parthen.
348 905 430 948 οαιϊ.
457 905 518 948 am.
538 884 628 948 ΧΙΙλ.
722 887 724 893 ’

489 1029 570 1107 Περὶ
590 1027 805 1106 (Αρπαλῦκης.

291 1156 422 1232 Ἱστορεῖ
447 1154 620 1241 Εὐφορίων
645 1155 744 1236 Θρᾳκὶ
768 1155 818 1217 καὶ
842 1154 1017 1239 Δεκτάδας.

165 1308 332 1394 Ιίίλύμενος
358 1319 393 1379 δὲ
417 1316 435 1379 ό
460 1317 585 1392 Τελέως
611 1315 645 1379 έν
669 1313 776 1392 Ἄργει
799 1316 902 1392 γήμας
927 1315 1122 1393 Ἐπικάστην
1138 1320 1235 1398 γεννᾷ

59 1429 191 1501 παῖδας,
217 1423 354 1501 ἄρρενας
380 1427 436 1500 μέν
460 1422 546 1488 Ἴδαν
570 1424 620 1485 καὶ
638 1423 816 1500 Θῆραγρον,
841 1423 1001 1499 θυγατέρα
1025 1424 1059 1486 δὲ
1078 1423 1235 1500 Ἁρπαλύ-

60 1553 130 1614 κην,
156 1530 240 1595 πολύ
265 1553 294 1594 τι
318 1538 383 1595 τῶν
407 1532 526 1609 ἡλίκων
552 1535 688 1608 θηλειῶν
712 1529 820 1592 κάλλει
845 1531 1077 1608 διαφέρουσαν.
1118 1529 1236 1607 ταύτης

61 1639 105 1730 είς
132 1638 238 1716 ἔρωτα
262 1641 365 1703 ἐλθὼν
389 1639 509 1717 χρόνον
533 1639 591 1716 μέν
614 1658 684 1701 τινα
708 1638 867 1714 ἐκαρτέρει
892 1638 942 1700 καί
966 1641 1079 1715 περιῆν
1102 1641 1159 1701 τοῦ
1177 1659 1236 1701 πα-

61 1746 216 1827 θήματος,
251 1747 296 1824 ως
327 1747 362 1810 δέ
391 1747 474 1809 πολὺ
504 1749 627 1823 μᾶλλον
656 1745 754 1813 αὐτόν
780 1746 907 1822 ὑπέρρει
931 1746 968 1807 τὸ
993 1745 1130 1824 νόσημα,
1163 1745 1236 1808 τότε

61 1854 115 1917 διὰ·
139 1857 196 1933 τῆς
220 1857 344 1932 τροφοῦ
370 1853 648 1930 κατεργασάμενος
673 1853 731 1928 τὴν
759 1852 857 1930 κόρην
875 1852 1034 1930 λαθραίως
1059 1851 1138 1935 αὐτῇ
1162 1865 1236 1916 συν-

10 1998 12 2004 ·
61 1965 170 2038 ῆλθεν.
218 1963 286 2023 ἐπεὶ
320 1961 427 2038 μέντοι
456 1960 558 2037 γάμου
590 1960 700 2037 καιρὸς
724 1958 763 2036 ῆν
788 1961 838 2022 καὶ
862 1963 968 2036 παρῆν
991 1956 1165 2036 Ἀλάστωρ,
1191 1957 1236 2037 εἷς

62 2071 127 2132 τῶν
154 2069 345 2148 Νειλειδιῦνχ
371 2067 526 2145 ἀξόμενος
556 2066 667 2144 αὐτήν)
701 2067 726 2149 ᾧ
750 2066 1011 2148 καθωμολόγητο,
1041 2070 1237 2144 Ιπαραχρῆμα

62 2176 119 2254 μέν
145 2175 317 2253 ἐνεχείρισε
351 2175 435 2239 πάνυ
471 2175 636 2253 λαμπροὺς
670 2174 792 2252 γάμους
826 2174 952 2252 δαίσας.
1000 2175 1177 2252 μεταγνοὺς
1202 2176 1238 2236 δὲ

62 2282 101 2345 οὐ
119 2283 202 2345 πολὺ
227 2280 365 2360 ὕστερον
382 2282 486 2345 διὰτὸ
511 2280 640 2360 ἔκφρων
665 2279 747 2344 εἶναι
771 2285 898 2359 μεταθεῖ
914 2282 972 2345 τόν
990 2281 1170 2360 Ἀλάστορα
1186 2282 1236 2345 καὶ
1266 2318 1279 2331 ·-

61 2391 134 2467 περὶ
159 2389 260 2466 μέσην
285 2388 363 2452 ὁδὸν
388 2387 495 2451 αὐτῶν
523 2389 583 2466 ἤδη
618 2387 723 2451 όντων
757 2389 940 2467 ἀφαιρεῖται
968 2390 1025 2466 τὴν
1055 2389 1153 2466 κόρην
1184 2388 1236 2465 άγ-

64 2494 266 2579 <αγ>όμενός
291 2516 323 2559 τε
349 2495 393 2572 εἰς
410 2493 528 2573 ’Άργος
546 2493 737 2573 ἀναφανδὸν
762 2495 841 2578 αὐτῇ
867 2495 1025 2573 ἐμίσγετο.
1062 2496 1132 2573 ἠδέ
1150 2497 1236 2560 δεινὰ

61 2605 112 2667 καί
137 2602 255 2681 έκνομα
279 2604 361 2680 πρὸς
386 2605 443 2665 τοῦ
468 2604 591 2681 πατρὸς
617 2601 751 2668 ἀξιοῦσα
777 2604 972 2666 πεπονθέναι
995 2604 1053 2666 τὸν
1078 2603 1237 2681 νεώτερον

61 2710 208 2788 άδελφόν
232 2709 421 2774 κατακόπτει
445 2710 495 2773 καί
520 2730 606 2786 τινος
631 2709 745 2788 ἑορτῆς
770 2712 820 2773 καῖ
844 2710 958 2788 θυσίας
983 2710 1058 2787 παρ’
1083 2709 1236 2788 Ἀργείοις

60 2817 265 2897 τελουμένης,
291 2817 368 2900 ἐνῇ
394 2817 532 2899 δημοσίᾳ
556 2816 679 2893 πάντες
699 2816 904 2902 εὐωχοῦνται,
930 2816 1002 2900 [καί]
1027 2817 1100 2881 τότε
1125 2818 1237 2882 σκευά-

62 2938 152 2988 σασα
182 2924 221 2986 τὰ
253 2924 328 3001 κρέα
356 2927 413 2986 τοῦ
448 2925 564 3000 παιδός
597 2923 790 3001 παρατίθησι
823 2929 867 3007 τῷ
901 2924 1005 3001 πατρί.
1037 2925 1104 2998 ,καὶ
1137 2929 1237 2998 ταῦτα

61 3031 214 3109 δράσασα
238 3031 316 3108 αὐτὴ
342 3033 398 3108 μὲν
433 3029 587 3108 εὐξαμένη
618 3035 706 3107 θεοῖς
742 3030 774 3096 ἐξ
805 3030 988 3108 ἀνθρώπων
1013 3029 1237 3108 ἀπαλλαγῆναι

61 3140 251 3218 μεταβάλλει
267 3140 325 3216 τῆν
343 3136 419 3214 ὄψιν
436 3137 481 3214 εἰς
499 3137 632 3214 χαλκίδα
648 3135 755 3220 ὄρνιν,
798 3137 958 3216 Κλύμενος
976 3139 1021 3218 δέ,
1046 3137 1091 3216 ὡς
1108 3137 1236 3201 έννοιαν

61 3245 157 3324 ἔλαβε
181 3248 247 3309 τιῦν
272 3247 461 3324 συμφορῶν,
487 3248 652 3321 διαχρῆται
676 3244 802 3309 ἑαυτόν.

171 3385 345 3452 ΙλοοῖυόαιιἸ
364 3386 416 3454 qui
450 3385 550 3455 fuorit,
579 3385 748 3453 ignoratur.
801 3385 935 3453 Nonnus‚
978 3387 1132 3454 ceteroqui
1169 3402 1237 3440 oum

62 3476 257 3545 Euphorione
278 3476 477 3539 consentienS,
507 3489 543 3527 oo
565 3475 671 3540 differt,
702 3475 784 3542 quod
803 3476 908 3540 filium,
934 3490 996 3528 non
1015 3476 1138 3530 fratrem
1158 3477 1237 3544 patri

61 3570 266 3634 opponentem
287 3565 359 3618 facit
386 3564 580 3633 Harpalycen
605 3565 703 3631 (Dion.
718 3564 775 3618 XII
791 3565 915 3628 71-75),
938 3567 1016 3618 siout
1036 3567 1126 3619 otiam
1147 3566 1236 3620 schol.

60 3655 112 3708 TV
127 3653 215 3706 Hom.
229 3654 252 3706 Ξ
266 3652 326 3719 291,
349 3653 475 3707 Ovidius
494 3653 568 3707 Ibid.
584 3653 717 3721 545-46,
737 3654 849 3723 Hygin.
864 3655 925 3708 fab.
939 3654 999 3708 ⁶206.

580 3835 622 3898 23
648 3835 726 3915 (21).

171 3993 323 4058 Parthen.
349 4015 432 4058 narr.
457 4015 519 4059 am.
544 3995 671 4060 XXVI:

512 4138 593 4216 Περὶ
615 4138 794 4218 Ἀπριάτης.

417 4263 551 4340 Ἱστορεῖ
576 4263 748 4343 Εὐφορίων
773 4265 882 4346 θρᾳκί.

131 4349 134 4354 -
171 4385 225 4449 Ἐν
251 4385 327 4470 <δέ>
353 4386 466 4472 Λέσβῳ
483 4389 599 4465 παιδός
616 4388 785 4466 Ἀπριάτης
802 4389 991 4468 Τράμβηλος
1009 4389 1027 4451 ό
1044 4356 1237 4473 Τελαμῶνος

1061 4513 1078 4567 3
