2902 4958
727 236 899 290 „14-

230 416 412 498 ostendunt,
437 416 469 481 id
495 417 580 499 quod
598 415 859 482 Wilamowitn
884 416 964 480 bene
990 413 1232 482 demonstravit.
1283 411 1350 478 Sed
1368 418 1404 476 ut

229 527 261 590 in
287 525 394 589 verbis
418 525 573 609 optimum
599 524 689 589 duxit
713 531 826 607 poetas
850 522 969 588 imitari
994 522 1157 607 probatos,
1184 521 1230 585 ita
1253 520 1286 584 in
1309 520 1405 610 rebus

228 653 313 698 nova
338 633 446 714 utique
471 638 526 696 aut
548 652 634 696 nova
658 631 771 697 saltem
796 631 920 696 ratione
941 650 990 710 ea,
1015 648 1098 712 quae
1114 629 1155 694 ab
1172 627 1245 693 aliis
1262 634 1404 692 tractata

230 746 332 818 erant,
367 758 483 804 canere
517 739 627 803 voluit.
677 738 748 803 Huc
785 738 924 822 pertinet
959 736 1101 819 licentia,
1141 722 1204 819 pua
1227 735 1258 799 in
1285 735 1405 800 fabulis

229 846 401 928 mutandis,
438 845 694 911 contaminandis
729 845 780 910 vel
816 846 913 909 etiam
948 841 1149 908 inveniendis
1185 863 1260 908 usus
1294 850 1354 924 est,
1386 863 1404 907 a

230 955 338 1019 multis
359 954 420 1017 illa
452 952 581 1035 quidem
615 953 783 1036 exagitata
808 952 859 1033 (ir.
878 953 915 1032 43
941 952 998 1032 213
1024 951 1081 1028 823
1110 951 1188 1028 1063
1215 951 1295 1031 1243
1324 949 1401 1031 1263

231 1061 406 1128 Skutsch
441 1082 510 1126 eno.
539 1062 617 1126 real.
648 1082 679 1145 p.
700 1061 808 1141 1182).
856 1060 946 1124 Idem
979 1058 1120 1124 studium
1152 1060 1186 1122 in
1220 1057 1401 1123 Chiliadum

231 1177 368 1254 apparet
392 1169 631 1253 compositione,
657 1188 721 1250 qua
744 1187 814 1232 eum
841 1166 1030 1232 Callimachi
1054 1166 1149 1232 Aetia
1173 1185 1326 1250 superare
1352 1186 1405 1230 vo·

230 1276 327 1341 luisse
351 1277 384 1340 in
409 1276 587 1359 argumenti
612 1274 828 1360 explicatione
852 1273 970 1356 monui,
994 1273 1080 1338 idem
1105 1273 1244 1355 denique
1265 1273 1298 1336 in
1315 1275 1403 1358 epyl-

232 1383 346 1449 liorum
370 1403 498 1467 genere,
523 1383 607 1465 qnod
632 1384 754 1467 priores
779 1388 894 1467 poetae
918 1380 1131 1446 Alexandrini
1156 1382 1235 1446 satis
1259 1401 1332 1445 raro
1349 1380 1403 1445 ad-

232 1491 374 1556 hibuisse
410 1489 570 1572 videntur,
604 1510 700 1572 quam
736 1491 875 1554 maxime
911 1488 1055 1554 colendo.
1103 1490 1175 1553 Hoc
1211 1488 1402 1573 epyllior·um

232 1596 338 1663 studio
362 1597 511 1663 allexisse
535 1597 664 1662 videtur
680 1603 793 1681 poetas
811 1597 973 1661 Romanos
996 1617 1059 1661 non
1082 1597 1186 1660 minus
1211 1587 1305 1678 quam
1331 1595 1405 1660 doc-

231 1707 315 1770 trina
335 1705 555 1790 mythologice
580 1711 611 1769 et
634 1705 783 1786 fabulari,
809 1724 871 1787 qua
895 1705 1014 1768 referta
1038 1709 1130 1768 erant
1153 1710 1303 1787 poemata
1321 1704 1403 1784 eius3

232 1812 380 1878 doctrina
404 1813 564 1896 placuisse
588 1811 715 1876 videtur
738 1812 853 1878 Nonno
878 1817 975 1894 atque
999 1809 1225 1896 Triphiodoro,
1255 1811 1403 1875 ohscura-

232 1941 300 1985 rum
326 1939 439 1985 vocum
463 1918 633 1983 multitudo
657 1918 831 1985 Nicandro.

341 2028 459 2107 Pauca,
485 2046 567 2108 quae
591 2045 662 2090 cnm
687 2009 952 2091 antecedentibus
976 2025 1083 2107 aliquo
1107 2024 1201 2089 modo
1219 2025 1403 2106 cohaerent,

233 2133 311 2198 mihi
354 2132 505 2197 addenda
545 2139 628 2197 sunt.
694 2131 847 2197 Videmus
886 2154 1036 2216 magnam
1077 2139 1201 2216 partem
1242 2132 1405 2197 titulorum

233 2240 449 2325 Euphorionis
485 2240 664 2305 nominibus
705 2247 852 2305 constare
891 2240 1040 2324 propriis,
1085 2240 1144 2329 cfr,
1181 2241 1403 2322 Ἀλέξανδρος,

230 2349 488 2427 Ἀπολλόδωρος,
513 2346 754 2427 Ἀρτεμίδωρος,
783 2349 1009 2429 Δημοσθένης,
1037 2349 1243 2430 Ἱππομέδων,
1278 2348 1406 2430 Ξένιος,

226 2455 442 2534 Πολυχάρης.
479 2455 635 2520 Proclivis
652 2461 721 2520 erat
737 2456 877 2540 suspicio
895 2454 975 2520 haec
992 2475 1061 2521 esse
1078 2455 1252 2521 amicorum
1269 2457 1408 2537 nomina,

232 2562 348 2644 quibus
364 2563 506 2626 earmina
530 2561 689 2628 dedicarit
710 2562 872 2647 Euphorio
899 2560 944 2648 (M
951 2563 1089 2628 einehe
1105 2585 1136 2647 p.
1153 2564 1203 2646 16,
1223 2563 1429 2629 Schultze·

232 2669 459 2754 Euphorionea
474 2690 513 2753 p.
533 2670 573 2733 19
590 2672 685 2752 squ).
711 2669 828 2733 Attulit
840 2669 989 2734 Meineke
1005 2669 1211 2752 Crinagoram
1229 2668 1408 2751 Parthenii,
1450 2685 1451 2688 ’

233 2776 275 2841 (ίο
299 2777 471 2860 Antipatro
495 2776 649 2857 Antigoni
674 2782 706 2840 et
728 2775 769 2840 de
793 2776 932 2840 Hermea
952 2776 1098 2841 Philetae
1122 2776 1262 2841 dubitari
1286 2782 1406 2862 potest,

232 2902 291 2947 nec
324 2882 427 2947 minus
460 2881 500 2946 de
524 2882 670 2947 Philetae
694 2882 849 2967 Telepho,
890 2902 982 2964 quem
1015 2881 1154 2947 Rohde
1188 2883 1255 2964 (Gr.
1281 2883 1409 2948 Roman

232 3011 264 3074 p.
279 2991 331 3071 74,
347 2990 381 3070 3)
406 2988 447 3054 de
464 2988 611 3053 Philetae
627 2990 728 3073 patris
744 2989 871 3054 nomine
895 2991 1081 3074 inscriptum
1106 2989 1196 3071 dicit,
1221 2990 1279 3054 cfr.
1298 2990 1409 3056 Suse-

232 3095 327 3161 mihl
351 3096 382 3160 h.
401 3096 422 3161 l.
439 3096 489 3163 Al.
508 3097 523 3161 I
542 3098 616 3176 Ill,
633 3097 684 3160 19.
736 3096 831 3181 Apud
855 3097 1093 3181 Euphorionem
1118 3104 1223 3162 autem
1253 3099 1313 3162 etsi
1345 3119 1410 3163 non

232 3223 315 3286 nego
340 3203 400 3267 hoc
424 3202 502 3267 illud
531 3223 646 3268 nomen
675 3205 836 3288 proprium
863 3205 909 3268 ita
934 3203 1159 3288 explicandum
1184 3223 1264 3285 esse,
1301 3212 1411 3271 tamen

233 3309 274 3374 de
310 3310 455 3375 omnihus
489 3308 524 3373 id
566 3310 673 3375 valere
713 3330 807 3393 nego.
866 3310 931 3375 Sed
966 3311 1062 3375 altius
1104 3311 1313 3395 repetendum
1350 3319 1410 3377 est.

233 3417 371 3500 Scripsit
402 3415 515 3481 Crates
544 3417 740 3501 epigramma
769 3419 802 3481 in
825 3417 1060 3501 Euphorionem
1092 3419 1222 3497 (testim.
1241 3418 1285 3500 8),
1322 3419 1411 3500 quod

234 3544 425 3607 quamquam
466 3523 632 3588 recondita
665 3525 733 3589 eius
768 3527 816 3590 vis
848 3532 917 3590 tota
950 3532 998 3590 est
1030 3527 1062 3589 in
1096 3525 1286 3590 cavillandis
1319 3546 1412 3610 spur-

234 3631 370 3698 cissimis
393 3630 608 3715 Euphorionis
625 3633 796 3715 amorihus,
821 3638 928 3697 tamen
951 3639 1050 3714 recte,
1076 3639 1227 3714 quantum
1252 3632 1412 3713 videmus,

233 3737 274 3802 de
297 3737 511 3823 Euphorionis
534 3739 624 3823 poesi
647 3738 779 3804 iudicat.
824 3740 956 3824 incipit:

364 3845 513 3924 Χοιρίλος
536 3846 723 3927 Ἀντιμάχου
748 3847 831 3910 πολὺ
856 3847 1006 3929 λείπεται,
1031 3845 1102 3911 ἀλλ’
1127 3848 1178 3910 ἐπὶ
1202 3850 1282 3911 πᾶσι

364 3952 423 4016 Χοι
447 3954 538 4031 ρίλον
556 3954 728 4033 Εὐφορίων
752 3952 816 4031 εἶχε
840 3954 891 4017 διὰ
916 3954 1087 4033 στόματος.

234 4059 286 4125 Ad
321 4079 421 4143 genus
453 4059 582 4126 dicendi
615 4061 696 4126 haec
731 4068 879 4145 spectare
905 4081 969 4125 non
1007 4068 1150 4145 possunt.
1209 4060 1280 4138 Qua
1314 4063 1348 4125 in
1378 4084 1414 4128 re

235 4168 333 4232 multo
358 4169 460 4250 magis
484 4167 525 4232 ad
550 4169 729 4251 exemplum
754 4167 936 4232 Antimaehi
967 4189 1062 4250 quarn
1087 4169 1226 4235 Choerili
1251 4189 1285 4234 se
1309 4172 1414 4255 appli-

236 4274 302 4336 cuit
325 4274 499 4357 Euphorio.
548 4275 647 4339 Porro
673 4275 861 4339 imitationis
885 4275 1116 4340 Antimacheae
1141 4274 1227 4358 apud
1252 4276 1414 4360 Euphori-

235 4401 327 4446 onem
362 4383 501 4463 vestigia
535 4381 686 4446 nonnulla
721 4382 793 4462 (cir.
817 4382 857 4447 ir.
875 4383 933 4463 213
956 4384 1013 4463 273
1032 4384 1088 4470 283
1111 4383 1179 4463 aa),
1219 4382 1415 4451 Choerileae
