2902 4958
431 168 437 233 i
565 213 741 300 -ιι-

64 396 242 461 τὸνΠᾶνα
265 396 296 459 o‘l
320 397 378 474 μὲν
400 394 707 474 Πηνελόπηςφασί
731 394 822 479 (υἱόν
846 396 897 458 καὶ
920 393 1051 460 πάντων
1075 397 1140 460 τῶν
1164 405 1238 474 μνη·-

65 504 204 582 στήρων,
230 501 306 567 ὅθεν
324 504 375 567 καὶ
386 502 483 567 Πᾶνα
507 501 677 585 λέγεσθαι)
702 501 817 587 (suppl.
838 499 1015 583 Sohwartz,
1039 502 1097 570 οὐ.
1114 491 1239 567 Miiuzol

66 610 199 688 Quaest.
223 609 386 693 mythogr.
412 608 677 693 Be1·0l.1883.p.
699 610 762 688 15),
787 645 831 654 -
856 607 948 673 ἄλλοι
973 611 1009 672 δὲ
1032 606 1239 688 ’Λπόλλωνος

65 721 116 784 καὶ
132 717 339 798 Πηνελόπης,
358 717 409 800 (οἳ
426 719 461 781 δὲ
474 715 662 794 Ὀδυσσέως
679 718 730 781 καὶ
742 715 958 798 Πηνελόπης)
978 716 1094 801 (suppl.
1107 715 1239 799 soban),

66 828 112 905 ιὶις
136 827 188 891 καὶ
213 826 395 906 Εὐφορίων,
421 825 460 910 (ὁ
478 829 567 889 δεῖνα
592 826 627 889 δέ
647 824 764 905 Ἑρμοῦ
788 826 839 888 καὶ
859 823 1075 908 Πηνελόπης)
1094 823 1240 906 (Solu),

66 935 105 999 ὃν
129 933 271 1014 ἔθρεψαν
295 932 430 1013 νύμφαι·
468 934 518 997 διὸ
547 933 597 996 καὶ
621 937 809 1012 νυμφαγενῆ
838 931 937 996 αὐτόν
968 947 1050 1011 φησι
1078 932 1241 1011 τραφέντα

65 1040 139 1121 παρ’
158 1041 293 1121 ἐκείναις
317 1045 383 1105 κτλ.

175 1145 234 1202 Cir.
255 1148 345 1202 etiarn
365 1147 454 1201 schol.
474 1146 602 1200 Thooor.
622 1145 636 1199 Ι
654 1146 679 1212 3,
700 1146 791 1201 schol.
811 1145 900 1215 Verg.
920 1143 955 1200 G.
973 1145 1000 1198 1Ι.
1020 1146 1062 1200 16.

449 1359 453 1365 ἦ
571 1275 633 1338 129
659 1275 739 1354 (74).

232 1401 283 1466 καί
306 1401 336 1465 ολ
360 1401 488 1478 γείνατο
512 1403 641 1481 κοῦρον,
666 1400 703 1479 ὃς
729 1399 787 1463 οὐκ
810 1399 967 1477 ἠλέκτορα
990 1397 1084 1465 είδεν.

176 1525 275 1592 Olem.
289 1527 340 1601 Al.
354 1526 417 1592 sn.
431 1526 476 1591 lV
494 1547 522 1591 υ.
535 1526 568 1608 5,
581 1526 625 1590 24
649 1526 760 1590 αὐτίκα
776 1525 859 1606 πρὸς
876 1530 941 1588 τῶν
959 1529 1101 1603 ποιητῶν
1117 1525 1241 1604 τυφλὸς

65 1635 101 1699 ἐκ
117 1637 250 1712 γενετῆς
267 1634 452 1713 κηρύττεται
470 1634 502 1714 (ὁ
517 1633 698 1713 Πλοῦτος)
716 1632 777 1697 ’καὶ
793 1633 823 1696 οἱ
840 1667 883 1678 -
900 1629 993 1697 είδεν’
1009 1633 1111 1712 φησὶν
1128 1631 1146 1695 ὁ
1162 1631 1243 1695 Χαλ·

65 1741 174 1820 κιδεύς
199 1741 398 1821 Εὐφορίων.’

175 1849 251 1902 είδεν
263 1848 402 1915 ἠλέκτορα
415 1847 449 1915 L,
468 1853 618 1918 transpos.
633 1845 776 1917 Sylburg.
796 1875 827 1886 -
848 1845 907 1902 Cir.
921 1845 991 1900 Hes.
1005 1845 1121 1916 Thoog.
1135 1845 1188 1899 969
1199 1860 1241 1914 sq.

577 1975 639 2039 130
664 1974 743 2055 (19).

250 2101 435 2180 στεψαμένη
460 2104 626 2179 θαλεροῖσι
649 2100 827 2178 συνήντετο
852 2097 1059 2178 οικτάμνοισι.

71 2248 75 2254 ·
176 2226 284 2292 Sohol.
302 2228 392 2292 Arat.
410 2227 453 2291 33
478 2231 566 2292 δοκεῖ
583 2228 618 2290 δὲ
634 2228 717 2305 πρὸς
733 2225 883 2291 εὐτοκίαν
907 2224 1147 2306 συμβάλλεσθαι
1163 2223 1243 2289 αὐτό

61 2336 118 2424 (τὸ
144 2335 339 2415 δίκταμνον).
387 2336 488 2419 ῷκαὶ
519 2336 577 2413 τὴν
603 2334 782 2399 Εἰλειθυίαν
810 2335 987 2412 στέφουσι·
1017 2333 1067 2397 καί
1098 2353 1162 2396 που
1192 2333 1242 2396 ἐπ’

60 2442 169 2520 αὐτῆς
194 2441 382 2523 Εὐφορίων·
408 2440 614 2527 ’στεψαμένη
638 2446 704 2526 κτλ.
809 2464 811 2468 ·

576 2587 635 2651 131
665 2586 743 2667 (81).

253 2711 379 2793 ὅσσους
403 2711 593 2790 εὐρυκόωσα
616 2710 764 2791 Τυφάονι
779 2710 933 2776 ,κύσσατο
958 2713 1059 2790 Κητώ.
1232 2792 1233 2796 ¹

177 2837 284 2922 Etym.
310 2838 351 2902 M.
377 2859 407 2922 p.
426 2838 501 2920 396,
519 2838 561 2902 28
590 2837 794 2917 εὐρυκόωσα·
825 2837 844 2916 ἡ
870 2837 949 2916 μέγα
977 2838 1084 2917 χάσμα
1108 2837 1240 2920 έχουσα,

62 2945 157 3024 παρὰ
180 2945 218 3009 τό
243 2945 318 3024 εὐρύ
343 2947 393 3009 καὶ
410 2945 498 3027 κόον,
523 2944 542 3023 ἡ
560 2944 680 3023 μεγάλη
697 2946 747 3009 καὶ
763 2948 912 3010 πλατεῖα·
938 2945 1016 3010 κόον
1031 2945 1092 3024 γὰρ
1110 2947 1240 3023 λέγουσι

63 3054 105 3117 τὸ
132 3052 213 3130 μέγα
236 3053 266 3117 οἱ
290 3052 449 3130 Λάκωνες.
498 3052 685 3132 Εὐφορίων·
711 3051 855 3131 (ὅσσους
879 3056 944 3116 κτλ.

178 3155 320 3226 Τγρλυπί
339 3174 401 3212 που
421 3157 494 3213 Coto
515 3159 611 3226 nubit,
632 3159 685 3212 sod
698 3158 834 3212 Echidna
854 3157 934 3222 (Hos.
950 3157 1065 3228 Theog.
1079 3158 1242 3227 306-332).

65 3246 198 3302 Videtur
211 3244 365 3316 Euphorio
385 3247 459 3302 illud
479 3254 514 3316 τη
529 3249 560 3301 δὲ
574 3262 654 3304 vers.
669 3248 730 3316 306,
751 3248 833 3318 quod
853 3247 892 3301 ad
904 3247 1015 3314 Ἔχιδνα
1028 3263 1056 3300 ν.
1069 3246 1122 3301 304
1135 3249 1241 3303 referri

67 3336 211 3402 debebat,
231 3337 358 3406 proolivi
373 3343 476 3392 erroro
491 3337 529 3390 ad
545 3338 627 3403 Κητώ
641 3338 804 3405 rettulisse,
825 3338 902 3391 siout
915 3337 955 3390 ad
967 3352 1042 3404 eam,
1059 3352 1137 3405 quae
1150 3337 1242 3392 uersu

66 3425 123 3480 270
147 3427 330 3494 nominatur,
362 3427 493 3495 pertinet
521 3427 583 3492 λό’
613 3443 642 3480 ν.
667 3426 719 3481 295
748 3426 928 3496 particulam
957 3426 1096 3482 carminis
1124 3431 1242 3483 anteco-

68 3517 192 3570 dentem
212 3515 383 3570 exordiens.

563 3623 625 3687 132
650 3624 752 3705 (163).

122 3837 125 3841 ,
442 3739 644 3828 ἀελλόποδός
669 3750 697 3814 θ’
722 3749 870 3830 ἁρπυίας.
1047 3819 1048 3823 ς

48 3893 52 3901 ·
93 3965 95 3968 y
178 3874 286 3943 Schol.
313 3876 370 3940 TV
395 3875 487 3941 Hom.
513 3851 612 3944 toll
638 3873 811 3959 ἀελλόπος]
837 3875 1008 3956 Εὐφορίων
1028 3873 1242 3954 ’ἀελλόποοος

69 3983 268 4065 αἰθαρύταο’.

179 4090 326 4158 θ’άρτυίας
346 4090 425 4145 Odor
444 4089 490 4145 De
509 4090 663 4146 Antonino
683 4089 816 4145 Liberali
837 4106 864 4159 p.
884 4089 927 4144 62.

576 4218 638 4282 133
665 4218 745 4298 (84).

277 4344 459 4424 βουκολέων
483 4344 656 4423 Τρηχινίδα
680 4343 910 4423 Τυμφρηστοῑο
934 4341 1040 4421 αἰπῆς.

122 4472 124 4477 ’
180 4467 288 4536 Schol.
301 4467 464 4556 Lyoophr.
479 4469 546 4534 420
562 4469 757 4549 Τυφρηστὸς
770 4470 821 4533 καὶ
837 4470 931 4546 πόλις
948 4469 998 4532 καὶ
1015 4466 1103 4548 ὄρος.
1121 4467 1245 4546 λέγεται
