2902 4958
623 190 808 245 v-m-

132 374 192 441 οὖν
208 376 286 455 μετὰ
304 379 391 454 βοιῦν
407 378 569 454 τραψήναι
588 374 718 451 Βοωτός
734 375 785 436 καὶ
804 372 945 450 Βοιωτὸς
969 373 1086 452 ἐκλήθη
1110 371 1179 437 ’τόν
1203 371 1246 452 ῥα
1272 407 1307 418 -

135 480 288 562 κόπροις’.
336 482 418 548 Item
444 481 631 565 Angelioan.
656 479 782 544 Ritsehl
806 500 858 564 op.
882 480 896 543 1
919 501 952 564 p.
976 479 1051 562 684,
1075 479 1129 544 50.
1176 477 1307 544 Versum

133 591 261 655 tertium
292 595 326 654 et
361 595 510 673 quartum
544 609 584 653 ex
608 587 775 673 Stephano
799 587 899 653 affert
928 586 1075 652 Eustath.
1098 608 1131 672 p.
1156 587 1233 669 270,
1258 585 1307 668 28,

134 717 226 780 quem
252 716 354 763 exsor.
379 694 503 763 Eudoe.
532 718 564 781 p.
583 696 635 761 80.

242 805 391 869 ματεῦοιτο
404 800 438 856 R.
450 831 481 842 -
494 801 555 869 μεθ’
569 802 645 856 υἱάσι
659 801 691 867 R,
713 801 860 866 μεθυιάσαι
872 800 906 870 V,
926 800 985 866 μεθ’
999 801 1073 854 υἱάσι
1086 798 1146 853 ΡΑ.
1158 828 1190 841 -·
1203 799 1229 854 2.
1249 800 1308 853 τέκε

135 894 228 959 μήτηρ
247 894 291 947 Et.
312 893 357 961 Μ.,
380 890 488 962 Augei.
519 919 551 930 ·—
581 891 788 958 δαμασσαμένῳ
813 889 929 944 mavult
955 889 1044 943 Mein.
1067 887 1112 942 oli.
1138 887 1175 942 ir.
1199 887 1259 942 105.
1279 916 1307 925 -

135 983 159 1036 3.
180 983 310 1049 ὼνόμηνε
323 982 374 1035 ΡΑ
388 979 543 1051 Stephani,
557 978 675 1050 Augei,
694 981 833 1045 ὀνόμηνεν
848 979 871 1032 V
893 977 993 1048 Steph.
1008 1008 1033 1016 -
1050 979 1182 1032 uotiuum
1197 979 1309 1044 βοτῆρες

138 1072 183 1126 Et.
198 1072 245 1138 Μ,
264 1072 372 1141 Augel.
392 1101 425 1110 -
444 1071 469 1124 4.
490 1072 533 1124 ὅτι
552 1068 635 1124 Eust.
655 1098 687 1108 -—
709 1070 867 1136 ἐπεθήκατο
886 1068 910 1122 Ρ
930 1067 1030 1137 Steph.
1051 1073 1080 1122 et
1099 1067 1124 1120 V
1144 1067 1242 1136 Etym.

243 1160 289 1214 Da
309 1160 415 1215 Boeoti
433 1161 503 1215 filiis
522 1159 575 1213 cir.
588 1159 679 1214 schol.
693 1158 725 1212 Ii.
740 1159 760 1212 Β
773 1158 833 1224 495,
848 1159 937 1212 Diod.
948 1157 988 1212 IV
1001 1159 1043 1213 67.
1065 1187 1097 1196 -
1117 1157 1178 1227 Agi
1193 1157 1308 1211 videtur

141 1251 179 1306 da
199 1251 325 1315 Tiresia,
345 1251 398 1304 ofr.
412 1248 484 1305 Call.
499 1248 573 1303 Lau.
586 1247 659 1302 Pali.
679 1248 731 1303 mo
741 1263 784 1317 sq.
803 1247 916 1314 (Mein.)
929 1277 962 1288 -
976 1248 1132 1314 ntupum:
1141 1250 1219 1313 βοιῦν
1232 1250 1308 1300 σταθ-

141 1346 211 1408 μοῖς,
231 1342 285 1394 uir.
305 1339 397 1405 (575,
418 1340 498 1393 κ411
518 1339 636 1406 (Μαίη),
656 1337 807 1408 Lycophr.
829 1338 872 1392 91.

646 1466 708 1528 ιιι
733 1464 813 1544 (46).

251 1590 341 1657 Serv.
368 1590 410 1655 ad
435 1591 532 1675 Verg.
557 1590 627 1654 Eoi.
644 1589 688 1654 VI
714 1590 755 1654 72
781 1590 953 1676 Gryneum
977 1610 1093 1654 ποτπυο
1115 1596 1165 1653 est
1189 1575 1226 1654 iu
1244 1589 1311 1675 fiai·

144 1702 204 1765 άυιι
226 1699 332 1764 Ioniis
355 1697 510 1784 Apollini
533 1705 773 1764 consecratum.
808 1691 853 1761 io
873 1717 935 1781 quo
965 1695 1147 1781 aliquando
1172 1693 1311 1762 θαίοάοι

143 1813 174 1871 et
199 1807 340 1892 Mopsus
364 1807 523 1872 dicautur
551 1807 591 1871 de
616 1806 746 1890 peritia
775 1805 953 1870 divinandi
981 1805 1069 1869 iuter
1097 1825 1131 1868 se
1161 1802 1312 1868 habaima

141 1921 328 1978 certamen:
352 1921 383 1978 et
400 1934 473 1977 ουηι
491 1914 531 1978 de
545 1934 723 1997 pomorum
739 1913 871 1977 arboria
887 1912 1064 1977 cuiusdam
1080 1910 1313 1975 contenderem

140 2041 288 2097 numeru,
313 2021 404 2086 stetit
426 2020 537 2105 pieria
553 2021 688 2105 Mopso:
712 2019 808 2084 cuius
823 2020 874 2083 rei
890 2019 1004 2084 dolore
1020 2014 1161 2082 Calchas
1176 2017 1311 2082 interiit.

142 2128 201 2192 hoc
218 2135 330 2192 autem
348 2127 583 2210 Euphorionis
594 2127 761 2191 coutioeot
781 2126 944 2208 carmina,
969 2146 1054 2208 puae
1071 2123 1193 2189 Gallus
1210 2132 1314 2189 trans·

143 2235 221 2300 tulit
244 2235 279 2299 io
303 2255 489 2299 sermonem
512 2235 681 2299 Latinum.

251 2340 337 2404 Quae
366 2339 565 2410 interpolator
593 2340 686 2406 addit,
715 2339 788 2392 nihii
817 2339 856 2392 ad
883 2338 1116 2409 Euphorionem.
1164 2337 1314 2406 Euphorio

144 2434 267 2484 secutus
294 2432 340 2483 est
360 2427 527 2482 Hesiodum
548 2428 593 2495 (ir.
612 2429 663 2483 160
676 2427 749 2494 Bm),
779 2432 991 2498 praeterquam
1013 2427 1095 2497 quod
1114 2432 1269 2481 certamen
1288 2427 1315 2479 iu

144 2517 268 2588 Gryneo
288 2533 412 2572 memoro
432 2518 598 2573 collocavit.
620 2547 651 2557 -
672 2516 718 2571 De
738 2515 861 2587 Gryueo
875 2516 1015 2586 Apolline
1035 2516 1154 2586 scripsit
1172 2515 1316 2570 Heumeas

148 2609 272 2678 quidam
298 2607 377 2675 (Ath.
398 2607 439 2660 IV
458 2606 568 2676 1491)),
589 2609 640 2662 cfr.
666 2609 755 2662 etiam
780 2607 935 2675 Parthenii
958 2607 993 2660 ir.
1013 2607 1030 2660 θ
1053 2605 1160 2669 (Mart.)
1194 2607 1317 2672 Γριίνειος

105 2716 106 2719 ’
145 2697 299 2753 Ἀπόλλων.

650 2804 713 2869 115
738 2804 818 2884 (50).

309 2931 467 3010 Πύραμον
491 2930 639 3014 ἠχήεντα,
663 2930 758 2995 πόλιν
783 2927 811 2994 δ’
829 2929 999 2994 ἐκτίσσατο
1024 2929 1168 3003 Μαλλόν,

305 3037 344 3118 ἧς
369 3039 442 3118 πέρι
465 3042 556 3117 δῆριν
581 3037 692 3102 ἔθεντο
716 3036 919 3117 κακοφράδες
944 3035 1113 3114 ἀλλήλοισι

305 3146 425 3226 Μόψος
449 3143 476 3209 τ’
502 3143 697 3226 Ἀμφίλοχός
722 3165 755 3209 τε
779 3146 831 3209 καὶ
855 3142 966 3223 ἄκριτα
990 3143 1193 3222 δηρινθέντες

305 3253 426 3333 μουνὰξ
450 3251 617 3318 άλλίστοιο
641 3250 745 3329 πύλας
770 3249 848 3331 ἐβαν
870 3249 1049 3329 Ἀίδανήος.

253 3379 361 3445 Sohol.
379 3378 460 3463 Lye.
481 3379 548 3442 440
576 3377 656 3441 κατὰ
684 3378 741 3442 τὸν
765 3375 865 3442 αῦτόν
889 3378 925 3440 oi
948 3375 1059 3454 καιρὸν
1083 3375 1102 3440 ό
1126 3373 1320 3456 Ἀμφίλοχος

148 3489 166 3553 ὁ
183 3486 383 3568 Ἀμφιαράου
400 3486 470 3563 υἱὸς
487 3486 537 3549 καί
555 3485 673 3563 Μόψος
691 3485 721 3548 οἱ
738 3484 866 3564 μάντεις
882 3483 983 3563 ἦλθον
1007 3483 1052 3561 εἰς
1071 3484 1220 3549 Κιλικίαν.
1245 3483 1321 3563 μετὰ

148 3596 184 3659 δέ
198 3597 308 3658 ’ταῦτα
332 3593 350 3656 ὁ
375 3590 569 3671 Ἀμφίλοχος
603 3591 799 3670 βουλόμενος
817 3579 1025 3669 Ιχωρισθῆναι
1059 3589 1103 3667 εἰς
1132 3590 1170 3652 τὸ
1193 3589 1320 3670 Ἄργος,

148 3701 308 3780 παρέθετο
340 3705 386 3782 τῷ
422 3699 530 3783 Μόψῳ
563 3700 622 3776 τὴν
656 3699 821 3777 βασιλείαν
852 3697 963 3779 αὐτοῦ,
997 3695 1153 3774 κελεύσας
1183 3697 1322 3777 φυλάξαι

25 3798 27 3802 ’
148 3810 238 3888 μέχρι
271 3809 420 3871 ἐνιαυτοῦ
455 3806 538 3883 ἑνός.
591 3807 816 3885 πληρουμένου
847 3807 881 3868 δέ
911 3808 969 3869 τοῦ
1002 3805 1150 3869 ἐνιαυτοῦ
1178 3802 1277 3882 ἦλθεν
1304 3803 1321 3866 ὁ

148 3915 343 3996 Ἀμφίλοχος
368 3915 418 3977 καὶ
443 3913 482 3977 οῦ
505 3914 685 3993 παρεχώρει
710 3913 728 3976 ὁ
753 3913 887 3990 Μόψος·
921 3912 971 3976 διὸ
1000 3913 1072 3990 περὶ
1099 3910 1216 3975 τούτου
1241 3912 1322 3990 πρὸς

149 4023 311 4100 ἀλλήλους
337 4023 563 4101 διαφερόμενοι
584 4019 637 4086 ὑπ’
656 4020 807 4098 ἀλλήλων
831 4019 1052 4103 ἀνῃρέθησαν·
1077 4018 1135 4096 οῦς
1160 4018 1322 4097 θάψαντες

149 4131 181 4195 οί
205 4131 407 4207 ἐνοικοῦντες
432 4129 556 4208 πύργον
584 4129 699 4209 μεταξὺ
724 4133 789 4192 τῶν
812 4127 928 4207 τάφων
952 4126 1203 4208 κατεσκεύασαν,
1232 4125 1322 4203 ὅπως

150 4239 229 4317 μηδὲ
252 4237 330 4316 μετὰ
361 4235 503 4302 θάνατον
528 4236 679 4315 ἀλλήλων
710 4236 965 4318 κοινωνήσωσιν,
1000 4234 1045 4312 ὡς
1076 4234 1126 4298 καὶ
1151 4231 1323 4312 Εὐφορίων

149 4343 324 4426 ’Πύραμον
347 4349 413 4410 κτλ.
