2902 4958
644 235 800 288 ,7-

132 410 257 495 cophro
273 413 415 495 tragicus
431 413 567 497 scriptor
585 411 734 477 carminis
751 432 821 476 esse
839 421 987 495 nequeat.
1020 411 1166 477 Scheer
1186 417 1261 476 ante
1277 431 1307 477 v.

136 518 222 582 1446
247 518 395 583 lacunam
430 520 553 600 statuit,
588 525 623 583 ut
651 538 775 583 mecum
807 538 864 603 per
896 519 1019 584 litteras
1044 519 1308 599 communicarit3

135 644 220 708 quae
254 636 438 708 sequuntur,
473 624 514 690 ad
540 630 702 689 certamen
734 625 826 689 nobis
849 625 993 707 ignotum
1025 625 1184 709 pertinere
1212 624 1308 706 dicit3

133 739 303 814 utrumqne
320 732 457 797 fortasse
474 738 571 796 recte.
619 730 696 813 Sed,
723 751 797 795 num
814 730 969 812 versibus,
995 732 1049 812 qui
1066 730 1308 813 interciderunt,

133 858 185 904 res
210 837 373 923 descripta
404 839 512 920 luerit,
548 857 630 920 quae
662 858 720 902 sex
751 838 1011 920 generationibus
1044 843 1160 922 poetae
1191 839 1307 920 tragici

137 951 277 1009 aetatem
301 944 513 1029 praecederet
537 943 776 1026 Alexandriqne
804 944 1000 1029 temporibus
1023 946 1122 1009 multo
1147 943 1308 1027 antiquior

137 1058 232 1133 essct,
256 1071 412 1136 perquam
437 1051 566 1117 dubium
592 1051 728 1116 videtur.
765 1052 793 1115 E
816 1050 952 1133 singulis
980 1052 1063 1116 inter
1087 1050 1305 1117 Alexandram

134 1158 439 1243 Euphorionemque
462 1158 723 1224 similitudinibus
747 1178 809 1222 non
834 1165 922 1222 certo
946 1157 1094 1223 concludi
1125 1164 1244 1242 potest,
1272 1158 1306 1223 id

134 1264 221 1348 quod
245 1264 426 1340 Skutsch
458 1266 540 1345 (enc.
571 1265 647 1328 real.
677 1283 703 1328 s.
733 1263 918 1347 Euphorion
949 1285 980 1348 p.
1006 1265 1090 1328 1185
1103 1266 1165 1345 sq.)
1200 1265 1309 1329 facere

135 1378 271 1438 cnoatus
294 1378 352 1453 est,
377 1378 448 1436 uter
471 1378 576 1435 utrum
598 1372 742 1435 imitatus
765 1370 817 1435 sit.
865 1372 979 1454 Neque
1004 1372 1086 1436 enim
1111 1392 1139 1436 e.
1156 1392 1188 1454 g.
1206 1391 1224 1436 e
1245 1371 1309 1456 Ly·

136 1479 246 1565 copbr.
277 1501 307 1544 v.
337 1480 422 1543 1340
454 1481 531 1557 τοὺς
562 1480 775 1556 Μοψοπείους
810 1480 1033 1543 αἰθαλώσασαι
1066 1479 1146 1557 γύας
1180 1499 1309 1546 causam

135 1587 204 1651 sive
231 1592 452 1668 argumentum
477 1586 664 1670 Mopsopiae
695 1585 845 1649 carminis
869 1586 1103 1670 Euphorionem
1135 1587 1309 1671 sumpsisse
1408 1671 1410 1676 Ι

135 1713 209 1758 cum
235 1693 342 1775 aliqua
366 1692 593 1776 probabilitate
623 1692 732 1774 colligi
762 1702 866 1774 neque
895 1692 1043 1757 contendi
1075 1700 1183 1778 potest
1206 1693 1309 1778 Lyco·

138 1800 294 1885 phrouem
308 1800 521 1876 Μοψοπείους
539 1836 578 1846 -
597 1799 677 1876 γύας
691 1799 887 1883 Euphorioni
904 1798 1032 1882 dehere,
1049 1799 1076 1864 si
1094 1799 1221 1882 quidem
1238 1820 1310 1865 con·

138 1912 204 1971 stat
218 1905 465 1990 Lycophronem
477 1906 665 1989 Mopsopiae
677 1925 792 1970 nomen
809 1906 994 1990 aMopsope
1003 1907 1194 1991 repetivisse
1205 1907 1308 1987 (133),

139 2011 376 2097 Euphorionem
392 2031 467 2076 vero
484 2018 565 2076 teste
579 2010 711 2076 Snidaa
726 2013 904 2096 Mopsopia,
918 2011 1039 2078 Oceani
1051 2012 1132 2077 filia.
1158 2012 1310 2096 Singulos

138 2120 228 2184 locos
245 2125 432 2184 enumerant
448 2118 608 2183 Knaack
625 2139 698 2182 ann.
712 2119 872 2184 Fleckeis.
892 2120 953 2184 137
971 2121 1083 2199 (1888)
1100 2141 1132 2204 p.
1151 2121 1214 2185 145
1227 2140 1308 2202 sqq,

136 2226 330 2293 Schultne
355 2225 580 2309 Euphorionea
605 2226 695 2306 (diss.
721 2227 928 2310 Argentorat.
956 2228 1054 2308 1888)
1079 2249 1109 2311 p.
1134 2228 1255 2292 5-18.

245 2333 409 2400 Nicander
433 2334 474 2398 ab
499 2327 703 2418 Euphorione
728 2354 824 2399 voces
848 2335 1034 2418 plerumque
1054 2336 1191 2405 rariores
1206 2341 1306 2399 mntu·

137 2447 210 2506 atus
234 2447 283 2506 est
311 2440 382 2520 (cir.
406 2440 447 2504 fr.
471 2441 524 2521 38,
542 2441 577 2521 33
608 2442 682 2521 1273
711 2442 790 2521 1583
819 2441 895 2522 172;
923 2443 1001 2523 174;
1029 2442 1106 2522 1t83
1134 2442 1221 2521 180).
1268 2442 1305 2504 In

136 2548 233 2612 rebus
259 2546 478 2612 descrihendis
509 2567 583 2611 num
608 2547 847 2631 Euphorionem
875 2554 1004 2613 secutus
1034 2548 1085 2630 sit,
1122 2548 1306 2631 ambiguum

136 2662 197 2730 est,
223 2654 282 2718 cfr.
307 2653 382 2718 adn.
407 2652 449 2718 ad
473 2654 512 2717 fr.
541 2657 597 2733 103
623 2655 684 2735 353
711 2656 791 2735 1053
818 2656 892 2719 133.
939 2656 1089 2722 Notabile
1118 2662 1306 2719 1111111111-

134 2780 198 2844 que
223 2768 351 2844 poetam
376 2760 592 2845 Hyacinthum
617 2760 794 2845 scripsisse.

244 2867 435 2948 Parthenius
469 2867 596 2932 fabulas
631 2867 873 2952 Euphorioneas
905 2875 953 2932 ter
989 2869 1119 2953 respicit
1154 2869 1187 2932 iu
1221 2889 1306 2932 narr.

133 2981 234 3041 amat.
259 2975 312 3056 (fr.
336 2975 373 3053 43
399 2976 457 3055 223
482 2975 547 3054 23),
573 2974 686 3038 eodem
711 2975 861 3039 narrandi
885 2995 1003 3058 genere
1028 2995 1099 3040 eum
1123 2996 1213 3040 usum
1237 2995 1307 3040 esse

135 3082 234 3147 docet
258 3084 375 3147 testim.
399 3083 430 3165 9,
455 3081 643 3146 imitationis
667 3081 912 3165 Euphorioneae
935 3084 967 3144 in
992 3082 1179 3165 irgm.'eius
1202 3101 1307 3167 pauca

135 3190 277 3273 vestigia
301 3196 470 3274 supersunt
495 3189 566 3269 (cfr.
591 3188 666 3253 adn.
691 3189 734 3252 ad
758 3189 852 3272 frgm.
877 3188 1262 3274 60;114;133Euph.).

246 3297 364 3363 Notum
381 3304 430 3360 est
446 3296 631 3360 Ciceronem
656 3302 770 3380 poetas
793 3297 864 3361 aevi
886 3297 934 3360 sui
952 3296 1146 3361 recentiores
1163 3303 1310 3362 cantores

137 3403 353 3488 Euphorionis
383 3423 499 3468 vocare
529 3404 658 3482 (testim.
679 3405 743 3482 13).
794 3403 968 3487 Respicere
1001 3403 1127 3467 videtur
1151 3404 1310 3469 Catullum

135 3519 169 3576 et
193 3511 374 3576 Cornelium
400 3509 538 3575 Gallum.

245 3617 362 3682 Catulli
387 3637 485 3681 carm.
503 3618 546 3682 64
571 3638 589 3682 e
613 3618 737 3682 Graeco
762 3618 881 3702 epyllio
906 3637 1030 3682 versum
1051 3636 1122 3681 esse
1138 3624 1211 3701 post
1229 3618 1309 3683 alios

135 3744 239 3810 nuper
275 3724 441 3789 contendit
472 3725 748 3790 Reitzenstein
777 3726 899 3801 (Herm.
924 3725 967 3788 35
991 3746 1021 3809 p.
1040 3725 1082 3789 73
1095 3728 1191 3808 sqq),
1216 3745 1309 3809 argu-

136 3833 253 3898 mentis
285 3833 380 3896 nixns
412 3853 475 3896 non
504 3834 549 3896 ita
573 3833 705 3897 levibus.
754 3832 844 3910 Quae
867 3831 894 3896 si
924 3852 1000 3896 vera
1033 3838 1081 3896 est
1115 3833 1309 3915 coniectura,

137 3939 222 4004 inter
246 3947 360 4023 poetas
383 3939 629 4017 Alexandrinos,
655 3940 707 4021 qui
732 3939 859 4004 laudem
885 3939 1058 4004 Catulliani
1083 3939 1222 4022 exempli
1239 3960 1259 4003 a
1274 3959 1309 4004 se

137 4047 313 4131 conscripti
345 4053 556 4130 aucupantur,
589 4053 664 4111 ante
692 4047 773 4112 alios
797 4048 829 4110 in
862 4066 991 4112 censum
1023 4047 1113 4111 venit
1135 4046 1308 4131 Euphorio,

138 4155 231 4219 cuius
255 4153 294 4216 fr.
322 4154 383 4218 147
409 4154 569 4219 Catullum
593 4176 623 4218 r.
647 4154 691 4218 30
725 4153 968 4237 „Oceanusque
1006 4154 1086 4218 mari
1120 4161 1220 4219 totum
1254 4154 1309 4236 qui

137 4260 343 4345 amplectitur
379 4260 509 4325 orbem“
546 4260 681 4327 vertisse
715 4261 795 4325 scite
827 4262 1011 4326 observavit
1034 4261 1162 4344 Bergk
1187 4263 1251 4346 (op.
1276 4261 1309 4325 II

137 4389 171 4454 p.
183 4367 261 4448 683,
275 4367 342 4446 84).
381 4368 497 4433 Versus
513 4369 597 4432 enim
611 4371 670 4433 111
691 4368 882 4452 exemplum,
899 4368 983 4451 quod
1001 4369 1114 4434 Cicero
1130 4368 1238 4433 attulit
1253 4367 1309 4449 (ad
