2902 4958
634 262 808 315 ..13-

242 438 335 504 itane
368 440 470 505 vero?
516 439 633 507 Graeci
666 448 701 506 ut
733 462 848 524 equum
883 444 1128 526 construxerint,
1166 463 1229 526 quo
1262 441 1305 507 ad

134 545 348 640 Troianorum
374 548 540 613 arbitrium
576 548 744 628 recideret,
779 552 840 614 utri
865 551 1053 614 vincerent?
1100 551 1213 615 Melius
1236 564 1306 615 erat

132 653 232 720 armis
255 653 423 720 decertare
440 675 535 737 quam
552 654 593 720 de
610 657 745 721 victoria
769 665 834 720 tam
859 665 978 722 temere
1002 658 1188 742 periclitari.
1236 659 1306 723 Hoc

133 768 169 825 nt
186 752 381 827 crediderint
397 761 554 828 Troiani?
600 764 667 828 lam
693 764 805 829 confer
822 764 1008 848 Vergilium,
1032 765 1087 829 ubi
1103 767 1209 829 omnia
1226 766 1306 830 bene

132 868 323 954 procedunt.
371 869 513 935 Graecos
538 890 653 952 equum
670 873 822 938 statuisse
839 871 919 936 dicit
936 872 1025 954 Sino,
1049 892 1112 954 quo
1129 873 1304 937 Minervam

132 977 175 1042 ob
208 976 347 1042 Palladii
381 984 506 1062 raptum
542 977 657 1042 iratam
692 979 870 1063 placarent,
909 986 973 1043 tarn
1010 981 1195 1044 immensam
1230 1000 1306 1045 vero

133 1083 248 1149 molem
266 1084 426 1166 eduxisse,
450 1106 490 1150 ne
507 1107 527 1150 a
543 1085 692 1151 Troianis
708 1086 809 1170 recipi
831 1088 916 1150 intra
938 1087 1065 1151 moenia
1089 1094 1207 1170 posset,
1232 1108 1305 1152 nam

132 1190 161 1256 si
189 1192 381 1276 reciperent,
416 1193 557 1258 victuros
592 1213 670 1268 esse,
706 1194 731 1258 si
762 1194 929 1275 violarent,
966 1195 1125 1277 perituros
1155 1195 1249 1272 (Aen.
1273 1195 1305 1258 ll

136 1298 314 1380 183-94).
368 1297 452 1376 Quid
486 1299 747 1384 Triphiodorus‘?
794 1300 844 1365 Ex
876 1301 997 1384 Vergili
1030 1302 1306 1382 argumentatione

132 1405 279 1471 nltimam
302 1413 400 1489 atque
423 1408 645 1491 gravissimam
676 1415 800 1492 partem
836 1409 963 1491 selegit,
998 1428 1079 1490 quae
1112 1417 1218 1473 tamen
1250 1428 1307 1493 per

133 1533 168 1579 se
198 1513 277 1577 nihil
301 1515 397 1578 valet.
445 1515 623 1599 Vergilium
654 1525 783 1580 secutus
814 1524 867 1580 est
887 1518 982 1580 etiam
1008 1537 1039 1579 v.
1061 1516 1125 1580 283
1138 1536 1208 1598 sqq.
1233 1517 1305 1594 (cir.

134 1620 215 1686 Aen.
234 1617 268 1684 ll
285 1622 346 1686 141
359 1625 455 1703 sqq).
502 1621 567 1686 Sed
592 1622 743 1687 Sinonem
769 1642 804 1686 se
827 1624 929 1706 ipsum
955 1622 1097 1705 flagellis
1121 1623 1307 1688 verberasse

133 1726 221 1812 apud
246 1728 422 1811 Vergilium
447 1748 508 1791 non
538 1730 733 1793 inveniebat.
781 1729 895 1810 Neque
919 1729 1016 1792 verba
1042 1729 1165 1810 273sq.
1190 1728 1307 1793 οὕνεκα

132 1834 267 1915 φεύγειν
290 1835 349 1899 οὐκ
372 1836 486 1900 ἔθελον
509 1838 572 1900 σὺν
595 1840 691 1917 τοῖσι,
724 1838 829 1915 μένειν
853 1837 881 1900 δ’
906 1837 1055 1900 ἐκέλευον
1084 1837 1231 1914 ἑταίρους
1255 1835 1307 1900 de·

134 1951 210 2008 cent
233 1943 394 2025 Sinonem,
432 1943 589 2008 bominem
626 1945 819 2026 gregarium.
869 1945 936 2007 lam
969 1943 1064 2026 irgm.
1087 1944 1128 2008 79
1156 1943 1307 2008 doeemur

133 2049 220 2135 apud
235 2050 473 2135 Euphorionem
489 2051 616 2116 Ulixem
634 2051 764 2115 Sinonis
785 2058 892 2134 partes
911 2053 1108 2116 sustinuisse.
1147 2051 1254 2115 blonui
1274 2052 1306 2114 in

134 2157 210 2223 adn.
235 2157 361 2223 Ulixem
386 2177 421 2222 se
444 2159 546 2242 ipsum
571 2158 735 2223 mutilasse
752 2158 865 2239 videri,
891 2178 955 2241 quo
978 2158 1078 2222 fidem
1096 2158 1306 2222 Troianorum

133 2265 196 2330 sibi
230 2265 426 2329 conciliaret.
475 2265 524 2328 En
554 2265 626 2328 fons
655 2265 872 2349 Triplriodori.
926 2263 1190 2350 Thripbiodorus,
1224 2284 1306 2346 quae

134 2371 176 2437 de
200 2372 296 2438 Ulixe
320 2371 483 2457 Euphorio
514 2379 711 2452 narraverat,
748 2372 789 2436 ad
814 2374 964 2438 Sinonem
1000 2373 1172 2453 transtulit,
1207 2371 1307 2436 verba

133 2480 271 2562 273sq,
295 2499 378 2561 quae
402 2479 488 2545 Ulixi
513 2481 606 2544 unice
630 2481 835 2560 conveniunt,
861 2480 943 2544 male
968 2480 1079 2545 Sinoni
1105 2478 1206 2544 dedit.
1246 2479 1306 2542 Eu-

133 2587 301 2672 phorionis
324 2594 423 2670 atque
446 2588 582 2670 Vergilii
607 2607 678 2672 ope,
703 2608 743 2652 ne
766 2587 852 2651 idern
876 2588 1012 2652 referret
1037 2595 1134 2669 atque
1159 2585 1306 2666 Quintus,

134 2701 325 2762 consecutus
348 2702 406 2761 est.
453 2696 603 2761 Fortasse
621 2697 729 2776 etiam,
754 2715 825 2760 curn
851 2694 892 2759 de
916 2715 997 2776 equo
1022 2694 1144 2759 diceret
1176 2694 1306 2770 ἱππείην

133 2803 296 2869 ἔσπευδον
319 2804 354 2881 ἐς
377 2803 500 2867 ὁλκάδα
523 2803 616 2885 (185)
640 2803 679 2866 ir.
697 2803 738 2867 18
763 2803 905 2886 respexit
935 2801 1115 2881 (Knaack
1144 2801 1304 2866 Fleckeis.

132 2932 209 2978 ann.
229 2910 289 2975 131
316 2910 430 2991 (1888)
455 2930 485 2994 p.
506 2910 581 2991 148,
597 2911 642 2991 3).

242 3016 315 3083 Non
337 3017 384 3080 ita
408 3017 538 3081 multum
567 3016 761 3101 proiecimus
784 3015 845 3080 bac
869 3015 1084 3097 inquisitione,
1120 3033 1223 3096 neque
1254 3034 1307 3079 ex-

132 3122 347 3210 spectandum
370 3131 440 3189 erat
467 3123 500 3188 in
523 3123 690 3208 scriptore,
722 3123 812 3187 cuius
836 3121 914 3187 nibil
938 3123 1000 3186 nisi
1030 3121 1215 3203 fragmenta
1242 3141 1307 3186 ser·

132 3237 213 3297 vata
239 3237 323 3296 sunt
370 3229 514 3295 Eandem
544 3229 585 3294 ob
620 3249 750 3294 causam
786 3229 1016 3294 difficillimum
1046 3234 1095 3292 est
1123 3227 1308 3311 degenere

132 3338 205 3403 eins
227 3336 398 3419 scribendi,
422 3335 464 3402 de
487 3345 746 3421 argumentorum
770 3337 974 3417 tractatione,
998 3334 1039 3400 de
1056 3335 1216 3399 facultate
1232 3354 1308 3418 poe·

132 3445 202 3510 tica
217 3443 369 3509 iudicium
386 3444 479 3509 ferre.
501 3443 653 3510 Nonnihil
678 3443 868 3508 adiuvamur
891 3443 1083 3507 testimoniis
1106 3443 1308 3523 antiquorum

133 3552 286 3634 (8—11),
311 3552 365 3634 qui
381 3552 411 3616 ei
427 3551 571 3616 obiciunt
587 3551 817 3615 obscuritatem
833 3549 996 3631 dictionis,
1021 3550 1200 3634 glossarum
1220 3551 1308 3633 cupi-

132 3658 282 3741 ditatem,
315 3658 445 3723 nimiam
481 3659 515 3722 in
549 3658 664 3722 summi
697 3657 878 3742 argumenti
911 3640 1083 3742 progressu
1116 3656 1309 3742 exponendo

132 3766 338 3849 brevitatem,
378 3767 411 3829 in
445 3765 651 3830 minutiarum
692 3764 908 3849 descriptione
946 3765 1101 3848 ambages
1139 3765 1307 3829 maximas.

134 3872 228 3952 Quae
252 3871 359 3937 omnia
385 3872 465 3936 bene
489 3873 653 3956 explicata
677 3879 749 3937 sunt
773 3879 871 3954 atque
894 3871 1056 3937 illustrata
1072 3871 1308 3952 ableinehio

133 3981 198 4046 An.
221 3979 273 4046 Al.
297 4001 330 4064 p.
347 3981 391 4044 30
402 4000 472 4063 sqq.
520 3979 656 4046 Omnino
681 3980 919 4066 Euphorionem
943 3986 1080 4066 apparet
1103 4000 1167 4045 non
1190 4000 1230 4045 ex
1254 3980 1309 4044 ab·

133 4087 293 4154 undantia
327 4088 493 4153 facultatis
527 4088 676 4173 poeticae
699 4088 757 4154 sed
790 4089 889 4153 multo
918 4108 990 4153 cum
1023 4088 1134 4153 labore
1167 4088 1309 4153 carmina

135 4196 367 4280 conscripsisse
382 4215 423 4260 ex
440 4196 618 4261 imitatione
634 4203 731 4278 atque
756 4202 902 4281 respectu
927 4202 1093 4281 poetarum
1117 4194 1309 4260 anteceden-

134 4302 226 4366 tium.
273 4302 311 4366 ln
334 4300 515 4367 elocutione
538 4310 737 4386 quantopere
761 4325 781 4368 a
803 4303 973 4387 prioribus,
997 4302 1197 4368 Callimacho
1214 4304 1309 4387 inpri-

97 4446 103 4455 ·
134 4409 197 4475 nris
228 4408 380 4496 pendeat,
419 4429 491 4474 cum
531 4418 640 4476 cetera
673 4416 741 4475 tum
773 4411 868 4494 frgm.
901 4410 1120 4476 Berolinensia
1153 4411 1224 4494 (62,
1251 4410 1309 4489 95)
