2902 4958
732 237 907 291 ..1ss-

237 406 374 502 Cyzicus
390 417 464 482 urbs
481 437 595 482 nomen
612 417 784 482 deduxisse
801 418 984 502 putabatur.
1022 416 1214 501 Cyzicenum
1228 438 1303 482 vero
1317 417 1412 501 Apol-

236 523 391 606 lodorum,
406 524 519 589 ducem
535 524 786 607 Atheniensium,
805 530 1031 589 commemorat
1044 525 1135 589 Plato
1150 525 1235 590 lonis
1251 547 1281 609 p.
1296 526 1359 588 541
1376 524 1410 589 G.

146 646 149 650 ’
236 629 381 708 Quadrat
413 652 551 696 axonum
584 631 703 696 mentio
731 632 784 712 (ir.
802 631 846 716 6),
881 631 1019 713 quadrat
1051 633 1146 696 etiam
1180 652 1295 697 nomen
1320 632 1410 695 Λειο-

235 738 398 821 φόωντος,
433 738 518 820 quod
548 758 608 823 ego
637 740 669 803 in
698 740 942 819 Κλειοφόωντος
971 738 1156 803 mutandum
1187 759 1257 804 esse
1281 759 1408 803 censeo.

234 845 376 930 Cleopho
400 847 482 910 enim
507 845 713 911 Atheniensis
735 846 797 934 fuit
821 847 1019 912 contionatur
1044 847 1117 911 belli
1141 846 1409 930 Peloponnesiaci

234 953 429 1037 temporibus
461 954 541 1019 satis
569 973 705 1036 magnae
739 953 948 1019 auctoritatis.
1008 954 1120 1036 Longe
1144 954 1210 1018 alia
1242 954 1324 1017 ratio
1360 961 1409 1018 est

234 1058 510 1144 Hippomedontis,
547 1059 587 1126 de
612 1080 674 1142 quo
698 1061 731 1124 in
755 1060 890 1125 Thracis
914 1066 1103 1144 argumento
1128 1060 1318 1144 exponendo
1344 1060 1407 1124 dis-

232 1167 361 1249 putabo.
425 1165 490 1231 Sed
530 1166 732 1242 Artemidori,
779 1167 1017 1248 Demosthenis,
1063 1168 1169 1249 Xenii,
1218 1167 1409 1251 Polycharis

233 1280 421 1357 argumenta
445 1275 612 1338 nescimus.
1210 1256 1213 1262 ¹

338 1400 375 1464 ln
399 1399 587 1483 fragmentis
612 1399 797 1466 ordinandis
822 1421 891 1466 eam
916 1400 1074 1465 rationem
1100 1407 1229 1466 secutus
1255 1421 1335 1482 snm,
1374 1410 1407 1466 ut

230 1508 331 1591 primo
356 1506 427 1571 loco
451 1506 636 1572 exhiberem
660 1528 709 1590 ea,
747 1528 829 1591 quae
853 1515 940 1573 certo
971 1515 1025 1572 aut
1049 1508 1169 1572 maiore
1194 1528 1265 1573 cum
1290 1509 1406 1592 proba-
1445 1566 1447 1601 :

146 1682 149 1686 ,
231 1612 355 1678 bilitate
383 1612 517 1697 singulis
552 1614 701 1699 operibus
736 1615 972 1696 adscribuntur,
1014 1614 1131 1679 deiude
1160 1635 1208 1698 ea,
1250 1635 1332 1697 quae
1364 1615 1403 1680 ad
1445 1632 1447 1657 ⁵

230 1728 334 1786 certos
357 1720 537 1785 fabularum
561 1723 654 1788 orbes
678 1722 791 1787 referri
816 1730 948 1807 possunt
973 1722 1026 1802 (de
1044 1722 1182 1787 Hercule
1202 1721 1241 1785 fr.
1259 1722 1404 1797 59-63,

229 1827 270 1892 de
294 1828 420 1893 Troicis
447 1829 487 1892 fr.
512 1829 653 1910 63-83,
690 1829 730 1894 dc
754 1815 981 1913 Argonauticis
1008 1829 1047 1894 fr.
1066 1830 1221 1911 84-91),
1259 1838 1324 1893 tum
1357 1849 1404 1910 ea,

232 1955 314 2017 quae
351 1936 472 2000 minore
518 1956 590 2001 cum
626 1937 853 2020 probabilitate
890 1936 1084 2002 carminibus
1122 1943 1217 2001 antea
1256 1935 1405 2002 tractatis

231 2042 372 2108 adscribi
395 2049 527 2127 possunt
551 2045 695 2123 (92-94
718 2044 917 2122 Alexandro,
946 2045 1076 2109 95-97
1102 2043 1221 2125 Ἀραῖς,
1246 2044 1405 2108 98-100

231 2150 385 2235 Dionyso,
406 2152 581 2214 101-104
598 2151 748 2233 Hesiodo,
770 2152 1171 2235 105--112Mops0piae)v
1220 2151 1405 2233 Sequuntur

227 2256 265 2321 fr.
287 2257 461 2322 113-115
485 2256 527 2321 ad
545 2265 635 2324 vates
652 2259 757 2324 claros
773 2260 976 2344 pertinentia.
1026 2257 1076 2322 Ad
1102 2257 1333 2342 mythologiam
1353 2258 1404 2322 vel

228 2363 393 2429 historiam
424 2363 603 2430 fabularem
633 2366 795 2450 pertinent
823 2366 863 2430 fr.
885 2365 1068 2430 llo-138.
1116 2365 1298 2447 Sequuntur
1328 2385 1404 2449 geo-

227 2470 383 2555 graphica
401 2470 512 2536 ordine
529 2472 735 2556 alphabetico
753 2473 964 2554 (139-147),
990 2478 1065 2536 tunc
1083 2492 1132 2552 ea,
1157 2491 1239 2554 quae
1256 2471 1404 2555 pedestri

227 2598 371 2644 sermone
396 2580 578 2664 conscripta
601 2579 728 2645 fuerunt
752 2580 966 2661 (las-152),
1003 2578 1264 2663 lexicograpbiea
1289 2579 1404 2644 ordine

226 2686 431 2770 alphabetico
456 2688 670 2769 (lca-184),
696 2687 803 2752 dubia.
