2902 4958
722 205 918 258 -42-·

326 387 415 453 Stch.
441 387 512 450 flor.
537 385 626 468 LIX,
654 386 694 450 16
723 386 798 467 (vol.
822 385 867 449 lV
891 408 923 470 p.
945 385 1010 450 403
1035 384 1156 466 Hense)
1183 386 1392 465 Εὐφορίωνος

220 496 428 573 Φιλοκτήτου.

259 595 262 599 ’
325 599 387 653 Ecl.
398 614 422 652 c.
434 599 530 652 lemm.
540 599 608 653 hab.
619 598 706 654 SMA.
727 601 748 653 l.
761 599 931 665 βιότοιοὸΜ,
938 601 1073 653 πλούτοιο
1081 599 1115 654 Α.
1128 629 1158 638 -
1170 599 1353 667 2.πήχεοςΑ.
1364 630 1393 640 -
1440 642 1442 647 .

218 691 243 744 3.
264 689 349 757 ἀχρεῑ’
368 689 553 756 ἀσπαίροντες
568 689 604 752 Α,
623 691 719 756 ἀχρεῖα
739 691 904 756 σπαίροντες
915 689 942 754 S,
963 690 1072 756 ἃχρεῑα
1086 689 1253 758 σπαίροντες
1268 689 1305 756 Μ,
1323 704 1394 743 corr.

219 779 306 835 Mein.
324 809 359 818 —
377 781 449 846 ἄδην
468 795 522 849 pro
541 780 600 842 όλις
617 779 706 832 Mein.
727 809 757 818 -
777 780 801 833 4.
826 781 924 843 ἔκβαλε
944 796 997 848 pro
1021 782 1122 845 ἔμβαλε
1142 779 1342 834 Valckenaer.
1364 806 1394 818 -υ

221 871 247 923 5.
266 868 337 936 χεῖρ’
354 867 388 922 Α.
409 899 441 907 -
462 870 534 934 όλμη
553 868 612 935 (νολ
633 899 665 907 -
686 874 714 936 η)
735 868 759 922 δ’
773 870 914 932 ἐκάλυψεν
937 870 1056 932 όόόντας
1076 869 1149 937 cdd,
1169 871 1293 923 θανόντα
1314 867 1395 935 Geel,
1440 858 1442 931 J

220 960 358 1025 ἐπέρησεν
377 959 419 1011 oo.
456 958 546 1024 Elter‚
567 958 648 1027 quod
669 964 803 1027 praestat
823 961 899 1021 (cirt.
920 959 937 1010 Ε
957 959 1029 1024 291).

330 1047 388 1103 Cir.
408 1065 430 1101 ω
451 1048 504 1101 536
523 1049 692 1111 λιλαιόμενοι
712 1049 824 1112 βιότοιο.
846 1077 878 1094 -,
897 1048 1115 1117 Dolopionides
1141 1049 1207 1117 quis
1232 1049 1279 1115 sit,
1308 1048 1396 1102 docet
1426 1098 1429 1105 .

219 1137 331 1206 Hygin.
353 1138 372 1190 f.
392 1136 444 1190 102
464 1137 572 1191 collata
592 1153 610 1189 a
630 1137 718 1191 Mein.
746 1137 807 1192 Sed
835 1153 903 1190 cum
922 1135 1030 1192 Achivi
1053 1152 1091 1191 ecc
1115 1138 1239 1205 uulnere
1264 1139 1397 1192 taetrum

221 1227 343 1280 odorem
371 1226 455 1295 ferre
484 1221 545 1280 eon
573 1228 708 1295 possent,
743 1224 830 1280 iussu
854 1226 1093 1297 Agamemnonis
1117 1225 1200 1297 repis
1223 1224 1258 1279 r'n
1282 1227 1398 1282 Lemno

206 1313 377 1384 ,αωρατὶίωο
396 1317 440 1368 eci
459 1330 527 1368 cum
551 1314 675 1385 sagittis·
698 1314 824 1371 divinis.
864 1332 952 1386 quem
981 1313 1155 1386 sepositum
1179 1318 1292 1385 pastor
1315 1313 1398 1386 repis

219 1403 340 1460 Actoris
358 1403 480 1458 nomine
500 1402 697 1473 lphimachue
717 1404 899 1474 Dolopiom'e
916 1404 1001 1476 filius
1020 1403 1158 1460 matrimi.
1224 1426 1228 1441 ·

734 1533 777 1596 43
803 1532 882 1612 (40).

326 1657 433 1723 Tacts.
451 1656 493 1722 ad
511 1656 671 1741 Lycophr.
690 1659 752 1722 911
779 1659 976 1738 Φιλοκτήτης
1001 1659 1036 1721 δὲ
1056 1657 1181 1734 ἐξώσθη
1199 1656 1244 1734 εἰς
1261 1655 1398 1722 Ἰταλίαν

223 1767 304 1844 πρός
331 1766 521 1843 Καμπανοὺς
545 1768 596 1830 καὶ
624 1767 811 1844 πολεμήσας
843 1765 962 1844 αὐτοὺς
985 1767 1126 1843 πλησίον
1152 1765 1323 1844 Κρότωνος
1348 1766 1398 1828 καὶ

221 1872 360 1951 Θουρίου
397 1872 573 1951 Κρίμισσαν
612 1877 763 1938 κατοικεῖ·
803 1875 854 1936 καὶ
894 1874 1027 1951 παυθεὶς
1060 1877 1117 1950 τῆς
1153 1871 1233 1951 ἄλης
1266 1872 1397 1937 Ἀλαίου

221 1979 428 2057 Ἀπόλλωνος
458 1979 546 2058 ἱερὸν
569 1981 672 2062 κτίζει,
709 1978 748 2043 οὗ
772 1981 822 2043 καί
855 1981 893 2043 τὸ
922 1980 1018 2046 τόξον
1051 1979 1139 2064 αὐτῷ
1172 1978 1314 2056 ἀνέθετο,
1352 1979 1397 2058 ὥς

192 2161 194 2165 ,
221 2101 323 2165 φησιν
348 2086 528 2166 Εὐφορίων.

327 2191 472 2260 εὐφορίων
492 2192 617 2259 οώρίων
636 2192 672 2247 Il.
688 2192 746 2248 Cir.
765 2193 861 2262 Etym.
877 2191 950 2248 Gen.
965 2193 1011 2256 (Μ.
1026 2194 1069 2258 58,
1084 2194 1112 2261 4)
1132 2192 1253 2256 Ἀλαῑος·
1273 2193 1399 2249 όἈπόλ·

219 2285 289 2334 λων·
299 2281 473 2348 Φιλοκτήτης
483 2282 536 2348 γόρ
550 2283 778 2349 παραγενόμενος
788 2282 826 2346 εἰς
839 2283 955 2336 Ἰταλίαν
965 2283 1021 2336 ἀπὸ
1031 2288 1083 2336 roi>
1097 2284 1307 2350 συμβεβηκότος
1322 2283 1399 2352 iopil-

220 2403 289 2442 σατο
303 2389 481 2452 Ἀπόλλωνος
495 2388 605 2443 Ἀλαίου
620 2389 704 2456 ίερόν,
723 2391 753 2443 ἐν
772 2391 795 2458 ᾧ
810 2391 854 2442 καί
867 2391 900 2443 τό
918 2391 1002 2444 τόξον
1021 2391 1150 2444 ἀπέθετο.
1179 2393 1271 2455 οὕτως
1290 2353 1314 2444 tii
1330 2393 1360 2456 (i.
1372 2407 1397 2446 e.

218 2478 312 2546 Ὥρας,
341 2477 547 2533 Reitzenstein
579 2479 644 2532 hist.
674 2480 793 2547 etymol.
824 2479 884 2547 319,
909 2480 935 2544 8,
967 2481 1059 2544 οὕτως
1089 2479 1191 2547 Ὠρίων
1214 2480 1281 2547 Va).
1328 2481 1399 2551 scy-

219 2567 535 2638 mologusScxtionis
560 2568 718 2637 exscripsit
746 2569 889 2623 scholion.
915 2569 1042 2624 Tzotzes
1072 2571 1103 2623 in
1132 2585 1187 2624 suo
1212 2571 1397 2625 scholiorum

220 2657 385 2726 exemplari
412 2658 530 2726 legerat
557 2657 714 2725 Εὐφορίων,
749 2657 853 2724 Ὠρίων
876 2660 999 2713 alterius
1024 2659 1165 2714 editionis
1190 2674 1228 2713 ex
1253 2660 1299 2714 Et.
1320 2658 1398 2716 Gen.

219 2747 355 2815 sumpsit.
394 2745 443 2801 Sic
463 2747 696 2816 discrepantiam
722 2748 793 2801 mihi
818 2763 871 2818 per
896 2749 1011 2803 litteras
1036 2749 1200 2818 explicavit
1219 2747 1343 2804 Scheer.
1364 2780 1397 2790 -

220 2835 292 2891 Cum
307 2835 501 2906 Euphorione
521 2839 672 2891 consentit
684 2837 844 2907 Lycophro
858 2838 1008 2893 all-921.
1037 2837 1095 2894 Cir.
1116 2840 1205 2892 etiam
1221 2837 1397 2909 [Aristotel]

219 2927 282 2992 περί
308 2926 471 2991 θαυμασίων
492 2928 678 2993 ἀκουσμάτων
703 2929 763 2982 107.
804 2927 891 2983 Mein.
920 2930 1030 2982 conicit
1054 2929 1280 3000 Euphorionem
1304 2932 1399 2986 etiam

221 3015 355 3070 Eiieniae
370 3015 525 3070 Minervae
544 3018 646 3086 templi
661 3018 860 3072 aPhiloctcta
881 3019 993 3073 conditi
1013 3020 1195 3075 mentionem
1215 3020 1336 3090 fecisse,
1360 3022 1398 3076 de

181 3114 183 3119 ’
222 3119 281 3173 quo
302 3104 362 3162 vid,
383 3103 460 3159 Orus
479 3107 510 3158 in
531 3105 574 3160 Et.
589 3105 625 3159 M.
640 3106 752 3173 998,26.

712 3286 905 3353 ΧΙΛΙΑΔΕΕ.

327 3410 442 3476 Tradit
458 3411 575 3479 Suidas
595 3413 656 3478 hoc
679 3414 818 3478 carmine
842 3419 970 3498 poetam
993 3433 1057 3488 eos,
1082 3415 1135 3496 qui
1157 3415 1296 3498 pecunia
1322 3436 1397 3483 eum

221 3518 368 3602 deposita
399 3518 683 3603 defraudaverant,
714 3528 915 3587 exsecratum
940 3521 1071 3587 oracula
1095 3521 1275 3605 collegisse,
1312 3506 1398 3606 quae

220 3624 306 3690 mille
342 3646 497 3690 annorum
531 3635 646 3692 eventu
682 3628 818 3712 probata
851 3635 951 3694 erant.
1000 3629 1067 3693 Has
1095 3627 1175 3693 duas
1198 3637 1308 3712 partes
1334 3631 1398 3698 Eu·

220 3733 406 3818 phorionem
429 3735 477 3798 ita
501 3735 701 3801 coniunxisse
725 3735 935 3819 probabiliter
959 3736 1096 3802 coniecit
1121 3736 1302 3802 Meineke
1321 3739 1397 3819 (An.

220 3841 313 3905 Alex.
340 3862 369 3925 p.
391 3843 453 3920 15),
478 3849 513 3905 ut
536 3843 698 3908 oraculum
723 3842 868 3924 afferret,
893 3863 978 3925 „quo
1003 3843 1195 3927 impostores
1220 3845 1397 3928 aliquando

220 3948 380 4033 perfidiae
404 3970 524 4035 poenas
542 3949 674 4017 daturos
690 3971 759 4016 esse
777 3949 940 4015 docc1·et“.
977 3951 1060 4017 Huic
1081 3952 1210 4017 oraculo
1234 3962 1269 4016 ut
1293 3952 1398 4021 fidem

149 4058 151 4062 ”
221 4055 416 4140 conciliaret,
442 4057 571 4123 oracula
594 4057 650 4122 illa
674 4058 842 4141 collegisse
866 4057 1027 4143 putandus
1051 4067 1110 4124 est.

327 4164 393 4230 Sed
417 4167 590 4249 quaeritur,
616 4185 672 4230 cur
696 4165 825 4230 tandem
847 4166 986 4248 oracula,
1013 4187 1145 4249 quorum
1170 4173 1303 4234 eventus
1328 4175 1397 4235 tam

221 4271 317 4356 longo
341 4274 494 4357 temporis
515 4273 622 4357 'spatio
648 4274 906 4359 circumscriptus
931 4281 1010 4356 erat,
1040 4275 1100 4340 sihi
1125 4275 1309 4359 colligenda
1334 4277 1398 4344 ele-

221 4382 314 4463 gerit.
354 4380 475 4444 Allexit
499 4399 568 4443 eum
587 4380 656 4444 sine
673 4379 770 4446 dubio
788 4381 934 4447 inaudita
959 4383 1138 4466 argumenti
1166 4383 1304 4460 novitas,
1331 4405 1398 4468 qua
