2902 4958
146 210 153 239 i
554 204 728 263 45„

53 387 199 464 31—46,
221 409 238 454 e
263 389 352 454 cuius
377 390 439 454 loci
463 389 593 456 scholiis
617 390 718 474 ipsum
744 390 878 474 petitum
902 396 961 455 est.
1008 389 1057 455 Ibi
1083 400 1228 456 narratur

54 496 238 580 Apollinem
264 502 296 561 et
320 498 502 581 Neptunum
527 500 558 561 in
583 496 798 562 aedificandis
817 497 935 563 Troiae
959 498 1123 562 moenibus
1147 500 1228 562 Aea-

54 622 126 667 eum
152 604 214 668 sibi
239 603 416 669 adiutorem
441 604 629 670 adscivisse.
676 603 766 682 Quae
791 625 861 670 cuni
894 603 1123 688 condidissent,
1157 604 1228 669 dra-

54 729 152 776 cones
176 711 340 777 caeruleos
368 719 432 776 tres
464 732 571 776 muros
602 711 732 776 adortos
766 731 847 784 esse,
884 731 1015 793 quorum
1048 711 1139 793 duos,
1175 715 1226 795 qui

57 825 166 902 partes
191 818 284 884 adis
308 826 488 884 exstructas
512 821 656 902 aggressi
682 828 797 905 essent,
822 820 966 903 repulsos
990 840 1070 899 esse,
1101 820 1228 884 tertium

56 926 158 990 Aeaci
175 934 297 1010 partein
316 928 508 1010 perrupisse.
556 929 625 992 Hoc
643 935 822 1011 portentum
840 925 955 991 deinde
980 927 1026 992 ita
1050 927 1229 1011 explicasse

55 1032 249 1117 Apollinem,
275 1043 308 1099 ut
333 1035 433 1099 Aeaci
457 1035 542 1099 filios
567 1044 598 1099 et
623 1043 815 1120 pronepotes
834 1035 963 1100 Troiam
988 1040 1227 1118 expugnaturos

54 1160 125 1204 esse
149 1142 387 1205 vaticinaretur.
436 1142 598 1226 Euphorio
629 1142 770 1206 fabulam
803 1142 995 1225 singularem
1029 1124 1098 1208 sine
1129 1142 1226 1206 dubio

56 1256 187 1332 propter
204 1250 365 1313 oraculum
383 1250 498 1337 attulit.
547 1250 718 1314 Probabile
742 1258 790 1314 est
808 1270 878 1315 euni
897 1270 962 1314 rem
978 1251 1025 1313 ita
1041 1250 1227 1331 instituisse,

56 1362 89 1420 ut
114 1357 290 1440 praemissa
317 1359 500 1422 narratione
532 1357 665 1439 fraudis,
704 1377 767 1439 qua
803 1357 852 1422 dis
887 1357 1066 1422 mercedem
1101 1365 1227 1441 pactam

56 1461 189 1546 negavit
236 1463 432 1542 Laomedon,
480 1464 573 1529 liuius
619 1465 719 1546 ipsius
762 1463 886 1529 fraudis
925 1484 1058 1547 poenam
1100 1466 1228 1529 oraculo

55 1578 236 1656 portentam
273 1592 341 1636 esse
377 1572 482 1636 vellet.
540 1571 669 1637 Oraculi
705 1583 853 1636 eventum
887 1578 921 1635 ut
957 1572 1140 1657 illustraret,
1177 1594 1226 1638 rcs
1313 1564 1319 1575 ⁹

56 1679 194 1743 Troicac
219 1678 417 1744 enarrandae
441 1688 541 1759 erant,
573 1699 643 1743 cum
669 1678 783 1760 quibus
808 1678 916 1744 Aiacis
945 1679 1081 1762 facinus,
1119 1701 1137 1744 a
1167 1701 1228 1762 quo

56 1786 191 1878 alterum
217 1787 379 1850 oraculum
405 1786 576 1870 pendebat,
603 1786 806 1850 coniunctum
832 1797 910 1850 erat.
959 1787 1007 1852 Ne
1024 1787 1137 1870 longiis
1154 1789 1226 1851 sim:

61 1893 221 1976 Eupliorio
246 1893 370 1957 duobus
394 1895 531 1958 oraculis
556 1895 733 1960 coniunctis
758 1903 789 1959 et
820 1913 983 1958 numerum
1016 1874 1150 1960 nanctus
1182 1904 1230 1959 cst

57 2000 194 2065 miliario
212 2000 308 2063 multo
327 2001 506 2084 propiorem
525 2008 556 2064 et
572 2021 677 2066 orsum
694 2021 751 2066 suo
768 2002 933 2086 proposito
950 2002 1048 2066 multo
1062 2002 1228 2085 aptiorem.

56 2108 180 2172 Rursus
204 2109 287 2171 enim
314 2129 333 2171 a
357 2107 471 2172 fraude
505 2109 606 2172 omnis
640 2108 806 2173 calamitas
840 2108 941 2193 repeti
971 2114 1107 2192 poterat.
1156 2109 1230 2173 Pro-

58 2213 149 2278 clivis
174 2214 248 2278 hinc
272 2215 372 2279 oritur
396 2216 579 2279 coniectura
599 2215 847 2299 Euphorionem,
873 2235 955 2296 quae
980 2216 1145 2299 colligeret
1163 2237 1230 2280 ora-

57 2321 141 2404 cula,
167 2322 273 2386 omnia
297 2321 338 2386 ad
363 2321 509 2386 fraudem
527 2321 687 2403 quandam
713 2321 817 2387 redire
839 2323 986 2388 voluisse.
1041 2323 1229 2387 inveniendi

58 2449 134 2494 vero
168 2429 238 2493 eius
270 2428 356 2492 modi
392 2427 521 2494 oracula
554 2429 784 2515 difficultatem
816 2436 934 2511 quanto
959 2431 1049 2495 auxit
1075 2430 1135 2494 hoc
1161 2451 1230 2513 pio-

58 2538 173 2620 posito,
200 2542 288 2600 tanto
313 2535 466 2600 deminuit
491 2556 539 2617 ec,
565 2535 649 2618 quod
673 2536 733 2613 sihi
758 2538 912 2621 permisit,
938 2545 975 2613 iit
998 2537 1139 2620 pluribus
1162 2557 1230 2602 ora-

57 2643 138 2709 culis
163 2643 340 2735 coniunctis
364 2641 441 2707 illud
466 2644 552 2707 mille
576 2664 729 2709 annorum
759 2644 908 2728 spatium,
943 2643 1026 2725 quod
1059 2644 1230 2709 chiliadem

59 2740 193 2819 vocasse
217 2753 378 2837 putandus
402 2760 461 2835 est,
487 2754 762 2838 complecteretur.

166 2862 267 2926 Addit
291 2861 408 2926 Suidas
433 2882 457 2926 s.
482 2861 505 2926 f.
531 2861 740 2940 ἐπιγράφεται
774 2859 801 2925 h'
827 2863 845 2939 ἡ
870 2862 995 2939 πέμπτη
1026 2864 1129 2939 χιλιὰς
1160 2864 1249 2940 περὶ.

56 2973 222 3050 χρησμῶν,
253 2969 298 3046 ὡς
324 2970 375 3032 διὰ
401 2969 511 3048 χιλίων
546 2969 626 3033 ἐτῶν
659 2969 902 3034 ἀποτελοῦνται.
950 2969 1049 3034 Uncis
1083 2970 1230 3053 saepiunt

59 3079 124 3144 hoc'
145 3078 343 3141 enuntiatum
368 3084 403 3140 ut
426 3077 577 3160 spurium,
602 3063 645 3140 ad
669 3077 859 3160 optimorum
885 3075 1031 3161 codicum
1062 3063 1229 3141 lectionarii

59 3205 117 3250 nos
142 3191 341 3249 revocantes.
390 3182 454 3248 Sed
479 3183 511 3246 in
536 3183 701 3248 codicibus
720 3183 866 3247 omnibus
882 3183 967 3266 prior
985 3184 1139 3247 enuntiati
1158 3205 1232 3267 pars

57 3311 159 3375 usque
190 3290 231 3356 ad
265 3291 367 3370 χιλιάς
404 3291 529 3374 legitur,
565 3291 688 3373 reliqua
722 3298 844 3355 tantum
881 3289 994 3354 desunt
1028 3292 1058 3353 iu
1091 3290 1230 3374 optimis.

58 3402 172 3482 Neque
205 3392 318 3482 fugere
348 3405 454 3483 potest
487 3418 677 3481 quemquam
706 3418 745 3462 ea
773 3398 910 3482 pessime
943 3398 1086 3462 conficta
1114 3416 1184 3463 esse
1215 3418 1232 3462 e

59 3506 328 3593 praecedentibus
367 3506 419 3571 διὰ
461 3506 571 3584 χιλίων
609 3506 691 3569 ἑτῶν
734 3505 898 3584 χρησμοὺς
944 3503 1231 3584 ἀποτελεσθέντας.

59 3614 145 3692 Quid
177 3613 296 3697 igitur?
342 3613 536 3698 Legebatur,
566 3611 671 3693 credo,
703 3613 776 3677 olim
808 3611 892 3697 apud
920 3612 1051 3677 Suidam
1080 3613 1147 3677 sive
1172 3613 1233 3677 He-

58 3721 207 3806 sychium
238 3721 408 3805 peculiaris
437 3718 585 3784 chiliadis
615 3721 744 3801 quintae
773 3719 893 3784 titulus.
946 3717 1007 3795 Qui
1037 3739 1106 3784 cum
1138 3721 1232 3784 iuter-

57 3829 159 3911 iisset,
196 3828 405 3911 interpolator
441 3847 497 3892 suo
522 3827 624 3891 Marte
660 3826 884 3891 detrimentum
917 3846 934 3889 e
965 3825 1233 3910 praecedentibus

58 3937 180 4002 sarcire
209 3942 342 4000 conatus
366 3941 423 4000 est.
471 3935 586 4016 Itaque
610 3934 847 4018 Euphorionem
876 3934 1008 4016 singulis
1042 3933 1256 4000 chiliadibus

58 4043 208 4129 proprios
234 4042 343 4107 titulos
369 4040 496 4107 dedisse
520 4042 643 4127 opinor,
668 4049 829 4107 auctorem
854 4060 930 4106 vero
956 4040 1041 4107 vitae
1058 4040 1233 4106 Suidianae

59 4171 132 4217 euni
157 4149 377 4215 tantummodo
410 4170 684 4231 commemorasse,
719 4149 772 4232 qui
798 4151 826 4214 ei
851 4147 989 4213 maxime
1018 4149 1234 4221 memorabilis
1326 4229 1327 4232 Ἴ

58 4258 242 4325 videbatur.
290 4256 346 4322 Sic
381 4256 467 4340 apud
492 4255 721 4322 Callimachum
757 4256 893 4339 singula,
934 4276 1016 4338 quae
1051 4257 1232 4339 enarrabat,

60 4363 155 4431 Aetia
179 4362 309 4450 proprio
330 4363 423 4427 titulo
444 4363 600 4428 instructa
622 4365 721 4429 fuisse
739 4363 904 4448 probabile
922 4370 980 4445 cst,
998 4363 1044 4428 sic
1057 4363 1233 4453 Dionysum
