2902 4958
560 223 664 278 ..¹57
704 254 735 262 -

577 405 621 469 99
646 406 725 486 (71).

235 529 337 596 ἄστεα
360 532 546 611 ’Δυρραχίης
570 553 605 597 τε
628 534 680 596 καὶ
703 532 799 597 ἔθνεα
822 533 1060 598 Ταυλαντίνων.

167 655 281 741 Steph.
306 657 384 741 Byz.
409 677 434 721 s,
460 678 489 720 v.
515 656 701 736 Δυρράχιον
725 677 756 742 p.
780 657 856 740 244,
878 658 899 722 5
929 658 1052 735 λέγεται
1082 660 1118 722 δὲ
1142 659 1192 722 καὶ
1215 658 1235 736 ἡ

56 763 150 842 χώρα
173 767 231 843 τῆς
251 762 404 843 Ἰλλυρίας
422 766 597 843 Δυρραχία.
645 763 834 844 Εὐφορίων·
858 765 984 831 εάστεα’
1006 770 1072 831 κτλ.
1094 765 1234 830 —Idem

56 893 89 956 p.
107 871 182 947 607,
201 872 242 934 14
266 871 467 954 Ταυλάντιοι,
491 870 662 950 Ἰλλυρικὸν
680 871 784 951 ἔθνος.
829 868 1006 953 Εὐφορίων
1031 876 1066 938 δὲ
1083 874 1160 953 μετά
1177 877 1234 938 τοῦ

55 977 341 1058 ῦΤαυλαντίνους
366 977 484 1056 αὐτούς
510 994 602 1058 φησι.

169 1100 256 1156 Μοίιι.
271 1103 336 1156 τίτί.
349 1100 445 1156 Nonn.
459 1103 502 1168 44,
517 1103 531 1156 1
549 1102 620 1169 Ἤδη
636 1101 660 1183 δι’
672 1103 804 1170 Ἰλλυρίης
817 1103 996 1158 Δαυλάντιον
1009 1106 1090 1168 ἐθνος
1104 1105 1235 1172 ἀρούρης.

502 1241 505 1249 ’
565 1249 629 1312 100
654 1249 734 1329 (67).
866 1322 868 1327 ,

257 1372 386 1438 ὀθνεῖον
408 1373 521 1457 Πέρσῃ
546 1373 667 1439 τελέων
691 1375 795 1454 γάμον
819 1374 1044 1454 Εὐρυμέδοντι.

169 1496 276 1563 ὃοδολ.
302 1498 374 1562 TV
399 1498 493 1562 Hom.
512 1486 539 1562 Ξ
557 1498 621 1562 319
638 1498 785 1583 Δανάης]
811 1500 843 1566 ἐξ
865 1499 1042 1579 Εὐρυδίκης
1066 1502 1117 1564 καὶ
1139 1501 1236 1580 Ἀκρι-

58 1605 141 1669 σίου.
192 1603 378 1685 Εὐφορίων·
407 1604 549 1670 “άθνεῑον
579 1606 712 1685 Πέρσης
743 1607 827 1671 λέων
850 1627 885 1684 γε
910 1609 967 1686 μὲν
992 1607 1235 1686 Εὐρυμέδοντα.

167 1729 306 1785 Correxit
326 1745 447 1784 versum
467 1729 593 1786 Lobeck
613 1729 764 1801 Aglaoph.
784 1747 811 1800 p.
826 1731 887 1785 574.
926 1730 986 1786 Cfr.
1006 1731 1041 1786 fr.
1056 1732 1098 1786 17.

552 1894 612 1957 ιω
640 1893 744 1977 (168).

170 2018 282 2103 Steph.
300 2018 378 2103 Byz.
403 2039 434 2103 p.
451 2019 528 2101 455,
548 2019 588 2083 12
613 2019 794 2098 Μολυκρία·
819 2019 914 2099 πόλις
930 2019 1095 2097 Αἰτωλίας.
1143 2019 1235 2098 (τρά-

59 2131 126 2206 βων
152 2125 266 2210 δεκάτῃ
292 2125 336 2206 (Χ
353 2127 384 2208 2,
402 2127 469 2205 21).
504 2127 703 2206 Θουκυδίδης
729 2128 862 2211 δευτέρᾳ
892 2127 937 2206 (ΙΙ
955 2127 1010 2208 84)
1026 2125 1236 2206 Μολύκρειον

57 2235 160 2312 αὐτὴν
184 2237 283 2316 καλεῖ,
309 2233 485 2314 Εὐφορίων
509 2235 545 2299 δὲ
569 2235 756 2314 Μολυκρίαν
779 2235 881 2314 αὐτήν
904 2223 994 2315 φησι.
1215 2310 1219 2318 ,

169 2357 194 2410 2.
223 2358 373 2423 μολύκριον
393 2356 425 2410 R.
451 2386 482 2396 -
507 2358 532 2411 3.
552 2359 730 2424 Μολύκρειαν
758 2364 811 2414 aut
838 2359 1002 2426 Μολυκρίδα
1027 2358 1123 2425 Mein„
1153 2360 1236 2429 prius

40 2461 43 2469 ·
57 2448 151 2501 etiam
165 2446 266 2515 Bergk
282 2462 329 2516 op.
343 2446 372 2500 II
393 2463 419 2516 p.
434 2447 495 2514 219,
515 2449 567 2516 qui
588 2447 626 2500 ad
646 2447 811 2502 Hesiodum
832 2449 946 2503 rettulit
965 2450 1063 2518 frgm.,
1084 2450 1136 2502 cfr.
1151 2465 1177 2518 p.
1192 2449 1234 2502 31.

566 2595 628 2658 102
654 2594 734 2674 (66).

243 2717 440 2800 Ὀρχομενὸν
465 2718 659 2799 Χαρίτεσσιν
683 2719 845 2799 ἀφαρέσιν
869 2719 1059 2799 ὀρχηθέντα.

166 2847 280 2912 Pollux
298 2847 343 2912 lV
360 2847 402 2912 95
426 2845 508 2926 τάχα
532 2849 567 2911 δὲ
591 2849 641 2912 καὶ
660 2847 859 2928 Ὀρχομενὸς
883 2847 970 2925 παρὰ
985 2849 1044 2924 τήν
1060 2850 1125 2911 τῶν
1144 2847 1235 2927 Χαρί·

53 2975 124 3020 των
150 2953 296 3036 ὄρχησιν,
320 2954 365 3033 ιίις
390 2954 579 3034 Εὐφορίων·
604 2953 819 3035 “ορχομενδν’
843 2958 908 3020 κτλ.

167 3078 289 3143 χαρίτων
311 3079 437 3134 Parisin.
458 3079 537 3148 2670,
566 3079 685 3147 φάρεσιν
708 3079 775 3133 Ραι·.
796 3079 874 3146 2670,
905 3078 1053 3146 ἀφαίρεσιν
1077 3077 1234 3135 Salmanti-

55 3170 158 3224 censis
177 3166 261 3237 Hisp.
283 3169 364 3223 123
383 3175 412 3224 et
431 3169 525 3223 Paris.
539 3169 618 3237 2646,
639 3185 715 3223 corr.
729 3169 863 3223 Pierson.
883 3167 970 3224 Μοίιι.
986 3168 1234 3239 cf1·t.Alciphr0u.

54 3258 132 3313 1111
152 3260 185 3312 τὸ
205 3261 234 3314 δὲ
254 3261 321 3312 δλον
341 3261 496 3327 πρόσωπον
515 3261 604 3313 αὐτοθ
625 3289 657 3298 -
678 3261 852 3326 ἐνορχεῖσθαι
869 3264 930 3323 ταῖς
949 3264 1074 3326 παρειαῖς
1094 3259 1181 3323 εἴποις
1201 3261 1235 3313 ἂν

53 3349 108 3412 τὰς
125 3348 249 3415 Χάριτας
267 3351 318 3402 τὸν
337 3349 507 3416 Ὀρχομενὸν
528 3349 721 3412 ἀπολιπούσας
740 3350 784 3403 καλ
803 3352 854 3414 τῆς
873 3348 1025 3416 Ἀργαφίας
1044 3350 1149 3416 κρήνης
1168 3350 1235 3403 ἀπο-

54 3438 223 3506 νιψαμένας,
244 3443 273 3493 et
292 3437 389 3493 Nonn.
410 3438 453 3507 24,
466 3438 517 3493 261
538 3438 592 3505 (13,
606 3438 656 3507 94;
675 3438 720 3507 47,
732 3439 805 3501 459).

553 3584 615 3649 103
641 3584 743 3666 (τοι).

224 3727 329 3794 πάντα
354 3729 389 3793 δέ
413 3730 443 3793 οἱ
467 3730 624 3807 νεκυηδδν
648 3728 873 3794 ἐλευκαίνοντο
897 3715 1068 3809 πρόσωπα.

104 3852 107 3859 ’
165 3853 286 3920 Herod.
310 3857 381 3933 περὶ
406 3875 475 3933 μον.
493 3858 555 3922 λεξ.
580 3854 634 3936 46,
652 3854 751 3918 8:11
768 3855 843 3929 951,
862 3854 982 3937 16οηη.
994 3855 1032 3921 L.
1055 3853 1156 3946 τὰείς
1172 3851 1235 3918 δῶ

55 3964 199 4042 λήγοντα
223 3963 420 4042 ἐπιρρήματα
444 3963 623 4040 ὀξυνόμενα
648 3963 686 4026 οὐ
710 3962 794 4027 θέλει
818 3960 883 4026 άπὸ
908 3966 974 4027 τῶν
997 3963 1042 4040 εἰς
1067 3965 1104 4039 ῦς
1122 3962 1234 4040 ληγόν-

55 4092 123 4137 των
141 4069 318 4150 ’ὀνομάτων
343 4070 543 4150 παράγεσθαι
567 4073 618 4135 καὶ
642 4071 706 4149 πρὸ
729 4069 844 4148 τέλους
868 4069 953 4149 ἐχειν
975 4072 1014 4135 τὸ
1038 4081 1072 4134 ῡ·
1096 4073 1234 4148 μονῆρες

56 4178 120 4258 ἄρα
144 4179 181 4243 τὸ
208 4182 365 4258 βοτρυδόν
390 4178 510 4258 (689).
542 4215 573 4223 -
588 4178 622 4242 ,ὁ
647 4179 754 4257 μέντοι
772 4177 945 4257 Εὐφορίων
969 4178 1056 4256 παρὰ
1080 4179 1118 4241 τὸ
1134 4178 1179 4256 εἰς
1196 4178 1234 4257 u}

56 4286 254 4364 παραγωγὸν
277 4285 418 4365 ποιήσας
443 4285 600 4364 ἐπίρρημα
624 4285 683 4349 οὐκ
705 4283 805 4348 έδωκε
828 4286 891 4363 πρὸ
915 4285 1083 4362 τέλουςτὸ
1100 4295 1127 4361 ῡ,
1152 4283 1234 4349 ἀλλὰ

56 4394 94 4458 τὸ
118 4387 152 4469 ἦ·
178 4391 302 4458 (πάντα)
325 4395 391 4456 κτλ.
