2902 4958
648 189 804 242 ,9-

250 370 375 437 (lortius
399 371 440 436 de
465 371 557 436 Gallo
582 367 725 433 iudicare
750 387 926 453 possumus.
974 365 1076 444 Quem
1098 363 1312 449 Euphorionis

141 478 275 563 epyllia,
299 487 334 543 ut
359 478 495 560 ridetur,
526 479 558 541 in
583 496 760 543 sermonem
783 475 933 541 Latinum
965 472 1164 539 transtulisse
1194 472 1311 537 docent

140 587 260 650 testim.
289 586 427 650 15-11.
476 582 645 649 Accedunt
669 583 765 666 Verg.
790 582 852 646 ecl.
869 582 914 645 Vl
930 602 993 647 rss.
1011 581 1054 644 64
1066 600 1147 663 sqq,
1165 578 1219 643 ubi
1236 579 1311 644 Ver·

139 692 238 776 gilius
262 672 332 757 sine
355 692 452 757 dubio
477 693 608 777 respicit
633 691 829 775 prooemium
855 690 937 754 Galli
963 709 1003 754 ex
1027 686 1232 772 Euphorione
1257 707 1309 750 ex·

138 820 284 885 pressum
309 799 499 880 (Skutsch
526 801 591 864 Ans
619 797 744 880 Vergils
769 796 920 861 11111111
943 796 977 861 S.
994 796 1048 877 43,
1073 795 1156 859 falso
1185 793 1226 859 de
1250 794 1311 857 hoc

138 907 212 972 loco
237 906 360 971 iudicat
384 905 567 971 lmmisch
592 925 666 969 ann.
691 904 718 967 F
720 904 803 968 lech.
820 905 922 988 suppl.
942 903 1037 966 XVII
1061 923 1092 987 p.
1112 901 1174 965 149
1187 903 1264 983 sq.):

223 1015 309 1078 Tum
333 1015 432 1095 currit,
458 1020 628 1078 errantem
651 1013 818 1076 Permessi
842 1013 887 1076 ad
910 1010 1054 1095 flumine
1079 1009 1217 1074 Gallum

220 1121 338 1186 Aones
360 1123 396 1185 iri
419 1122 542 1185 montis
566 1128 602 1184 ut
627 1121 765 1184 decerit
789 1139 1037 1183 neocororum

103 1272 107 1277 -
218 1236 320 1312 atque
343 1229 415 1292 viro
440 1228 565 1292 Phoebi
589 1228 710 1291 chores
734 1225 970 1289 adsurreaeerit
994 1226 1121 1305 omnim·

219 1343 258 1399 ot
281 1336 388 1399 Linus
411 1337 491 1399 berec
515 1334 568 1398 illi
591 1335 703 1398 diuino
728 1333 877 1397 carmine
895 1340 1018 1416 pastor

178 1453 198 1468 ·’
218 1443 360 1528 floribus
384 1450 482 1525 utque
507 1443 585 1524 apio
610 1440 714 1505 crinis
739 1447 879 1504 ornatus
903 1460 1021 1504 amaro

216 1549 345 1614 dixerit
369 1549 448 1630 „hos
472 1550 532 1612 tibi
556 1549 638 1612 derit
662 1549 819 1626 calamos,
844 1569 883 1611 err
911 1549 1035 1631 accipe,
1060 1549 1189 1627 11111111,

220 1656 369 1720 Ascraeo
393 1676 475 1739 quos
499 1662 577 1719 arete
600 1657 682 1735 aeui,
707 1656 825 1738 quibus
848 1654 905 1717 ille
929 1653 1055 1718 solebat

219 1763 389 1827 cantando
413 1763 544 1847 ripidoe
568 1764 732 1826 dedocere
757 1762 923 1825 montibus
947 1782 1057 1824 eruor.

219 1870 272 1934 hia
295 1870 356 1933 tibi
379 1868 507 1953 Grynei
530 1870 674 1933 nemoris
697 1870 831 1933 dicatur
854 1869 958 1953 oripo,

218 1998 259 2040 ree
284 1977 358 2059 quie
380 1977 426 2040 cit
449 1976 555 2056 lucris,
580 1997 643 2060 qao
667 1997 702 2040 se
720 1976 803 2059 plue
825 1976 927 2039 iactet
950 1975 1107 2059 Apollo.“

137 2085 245 2151 Huius
270 2081 332 2148 loci
356 2083 517 2148 sententia
540 2090 575 2147 ut
598 2093 692 2148 recte
717 2082 940 2167 perspiciatur,
964 2083 1065 2147 omnis
1089 2081 1223 2148 Hesiodi
1247 2083 1308 2147 Eu·

135 2191 306 2278 phorionei
330 2191 482 2255 memoria
506 2191 617 2275 procul
646 2189 795 2254 habenda
828 2196 876 2254 est
909 2192 1010 2268 (recte
1034 2189 1209 2255 Skutsch
1234 2190 1255 2253 l.
1280 2211 1308 2254 c.

136 2322 168 2384 p.
183 2301 228 2362 44
244 2297 330 2379 adn,
355 2305 466 2361 contra
482 2296 633 2362 Sehanz
650 2297 733 2362 Hist.
751 2297 812 2361 litt.
831 2297 903 2361 Lat.
921 2298 983 2360 111
1011 2317 1042 2381 p.
1063 2297 1125 2360 145
1135 2299 1207 2379 sq).
1247 2297 1309 2361 Eu·

123 2405 252 2491 ⁴phorio
277 2405 377 2489 ipsius
400 2405 440 2467 111
469 2424 634 2468 successor
657 2404 801 2469 Hesiodi.
851 2403 945 2468 Errat
976 2404 1007 2467 in
1038 2403 1223 2486 regionibus
1247 2404 1307 2469 He-

134 2512 230 2580 siodo
254 2513 383 2596 patriis3
408 2511 540 2576 Hesiodi
565 2513 728 2596 syringem
749 2513 779 2576 ei
796 2512 853 2577 dat
866 2511 976 2594 Linus,
1003 2512 1055 2594 qni
1080 2517 1112 2575 et
1136 2512 1205 2592 ipse
1221 2511 1308 2576 Heli-

136 2640 250 2686 conem
275 2618 386 2683 incolit
411 2619 519 2698 (Paus.
537 2619 585 2682 IX
602 2620 655 2696 29,
673 2621 707 2700 6)
732 2628 765 2684 11
780 2627 815 2684 ut
831 2619 1071 2702 antiquissimus
1091 2626 1187 2703 poeta
1210 2629 1308 2701 atque

134 2721 284 2792 inventor
320 2727 427 2810 poesis
462 2725 684 2805 (Philochorus
717 2727 755 2790 fr.
782 2727 843 2791 189
868 2727 894 2790 F
897 2726 988 2791 HGI
1013 2748 1044 2810 p.
1061 2726 1138 2807 415,
1173 2727 1306 2812 Dionys.

136 2835 289 2918 Scytohr.
319 2855 370 2919 ap.
403 2832 536 2898 Diodor.
562 2835 686 2915 11167,
716 2837 742 2915 1,
767 2834 835 2912 alii)
866 2833 941 2898 huic
969 2833 1091 2898 muneri
1124 2833 1308 2918 aptissimus

136 2942 210 3024 fuit,
247 2943 334 3006 canit
359 2940 399 3005 dc
424 2960 551 3005 nemore
576 2941 706 3025 Grynoo
739 2942 848 3023 ibique
880 2960 930 3023 ea,
964 2961 1046 3023 quae
1077 2941 1236 3006 Hesiodus
1266 2941 1308 3006 de

137 3049 280 3114 Calchae
306 3049 470 3132 llopsique
495 3048 669 3113 certamine
694 3056 880 3113 narraverat
908 3049 959 3127 (fr.
984 3047 1145 3129 160111),
1170 3048 1306 3114 collocat

137 3156 191 3236 (fr.
213 3157 299 3235 114).
336 3155 401 3220 Sed
418 3165 554 3240 putasne
570 3155 808 3239 Euphorionem
825 3155 917 3220 hnius
933 3155 1025 3240 parvi
1042 3155 1192 3221 carminis
1209 3176 1307 3221 consa

137 3272 261 3327 tanturn
288 3264 483 3347 prooemium
512 3263 655 3327 molitum
680 3283 750 3327 esse
774 3269 806 3326 11
830 3269 961 3348 propter
993 3264 1093 3328 solam
1127 3263 1307 3345 argumenti

135 3369 378 3437 similitudinem
396 3370 531 3436 Hesiodi
548 3372 709 3455 syringem
726 3371 788 3436 sibi
805 3371 914 3435 datam
930 3371 1088 3437 finxisse?
1125 3372 1306 3456 Descriptio

134 3477 275 3542 nemoris
299 3477 419 3562 Grynei
450 3477 519 3543 sine
549 3478 646 3542 dubio
671 3478 831 3562 particula
863 3480 925 3543 fuit
949 3480 1099 3544 carminis
1131 3479 1305 3563 amplioris,

135 3584 247 3667 quella
280 3604 472 3667 componere
503 3584 667 3669 Euphorio
700 3595 920 3651 consueverat.
967 3586 1033 3651 Sed
1061 3585 1139 3669 quid
1163 3586 1305 3652 Hesiodo

134 3712 208 3757 curn
242 3692 303 3757 hoc
336 3692 498 3757 camnine?
561 3694 604 3759 Ut
637 3693 753 3774 dicam,
787 3694 871 3776 qnod
908 3697 1022 3776 sentio,
1057 3695 1216 3760 Hesiodus
1243 3696 1306 3760 Eu·

135 3800 287 3884 phorioni
310 3800 461 3884 princeps
484 3800 673 3882 habebatur,
703 3802 755 3883 qui
781 3802 955 3866 carminum
983 3822 1084 3884 genus
1107 3824 1128 3866 a
1150 3822 1185 3868 se
1209 3823 1305 3885 quarn

133 3907 276 3971 maxime
316 3906 435 3971 cultum
470 3910 491 3972 i.
520 3928 548 3973 e.
585 3908 784 3993 epylliornm‚
820 3930 902 3992 qnae
938 3910 1058 3982 dicunt,
1094 3908 1304 3975 adhibuisset.

133 4014 288 4098 Epyllion
312 4023 362 4078 est
384 4014 482 4093 ἀσπίς
508 4016 600 4081 nobis
623 4023 762 4097 serrata,
787 4037 881 4099 quam
905 4017 1078 4101 genuinam
1098 4015 1226 4081 videtur
1249 4037 1304 4101 pu·

133 4128 223 4186 tasse
240 4121 413 4206 Euphorio,
438 4123 521 4187 sicut
546 4124 690 4187 lecerunt
706 4124 919 4205 Stesichorus,
944 4123 1132 4209 Apollonius
1148 4123 1304 4207 Rhodius,

133 4226 353 4310 Megaeleides
378 4228 447 4308 (cfr.
471 4250 594 4313 argum.
618 4231 735 4309 Sonti).
760 4233 881 4316 epyllia
904 4234 1003 4298 fuisse
1030 4232 1178 4297 videntur
1207 4235 1304 4298 etiam

133 4336 201 4401 alia
224 4333 361 4400 Hesiodi
393 4345 553 4420 poemata,
589 4358 721 4420 quornm
755 4360 812 4404 nos
844 4341 922 4406 nihil
953 4343 1012 4406 nisi
1043 4342 1136 4424 frgm.
1160 4351 1305 4408 tenemus
