2902 4958
728 217 901 274 -ης,

228 403 379 482 πόλεμον,
402 402 566 482 προδότην
589 401 764 479 γενόμενον
788 401 961 480 ἐγχειρίσαι
987 400 1077 484 Κύρῳ
1101 400 1140 464 τά
1164 400 1326 480 χρήματα·
1352 401 1399 464 καὶ

227 513 375 576 ἐντεῦθεν
405 511 482 588 τοὺς
506 508 671 588 πονηροὺς
696 508 882 588 Εύρυβάτας
912 511 1089 573 καλεῖσθαι.
1135 508 1220 586 εἰκὸς
1250 510 1286 571 δέ
1320 507 1398 586 ὁμοῦ

226 623 327 684 ταῦτα
354 618 536 696 ἀληθεύειν·
571 619 703 681 πολλῶν
733 617 794 695 γάρ
823 617 1017 695 Εὐρυβατιῖιυ
1040 616 1110 694 (eir.
1137 614 1229 681 Suid.
1253 635 1279 680 s.
1305 614 1399 693 Εῦρύ-

229 702 339 806 βάτος)
367 727 418 790 καὶ
446 724 641 803 πανούργων
671 725 854 801 γενομένων
884 722 996 801 ἄλλοις
1030 724 1113 788 ἄλλα
1140 724 1328 805 ἐπράττετο,
1357 722 1410 799 ὡς.

177 880 180 885 -
227 835 379 912 μέμνηται
403 833 454 896 καὶ
478 831 664 911 Εὐφορίων·
688 829 747 908 ῖἠδ’
772 829 848 895 ύσα’
866 834 937 895 κτλ.
1208 826 1211 831 ’

169 983 174 989 -
333 957 387 1008 ὅσα
405 954 481 1020 Vnt„
504 955 576 1008 όσσα
596 953 689 1008 Rabe.
728 954 774 1008 De
798 953 954 1022 Eurybato
980 955 1143 1008 αἰκάλλειν
1167 953 1253 1008 Plato
1279 953 1395 1023 Protag.

226 1045 327 1114 321133
345 1045 430 1099 Dem.
452 1044 494 1111 18,
512 1044 561 1110 24;
580 1042 687 1097 Aeseh.
707 1043 738 1096 in
758 1042 887 1112 ctesiph.
908 1043 968 1110 137,
988 1043 1025 1096 al.

735 1262 777 1326 νυ
802 1263 883 1343 (4η.

333 1408 498 1484 κλαίοντες
524 1407 558 1471 δέ
582 1427 616 1470 τε
640 1409 759 1484 κοῦρον
782 1402 832 1469 ἐπ’
858 1404 1023 1485 ἀγχιάλοις
1047 1405 1197 1470 πιτύεσσι

336 1515 506 1594 κάτθεσαν,
531 1513 644 1578 ὁκκόθε
669 1515 707 1594 δή
733 1512 930 1592 Ἶιστεφάνων
955 1513 1066 1590 ἄθλοις
1090 1513 1282 1592 φορέονται·

334 1623 373 1686 οὐ
397 1622 457 1701 γάρ
481 1643 533 1685 πω
557 1624 688 1700 τρηχεῖα
713 1623 792 1700 λαβὴ
818 1621 1023 1697 καταμήσατο
1049 1627 1165 1699 χειρῶν

334 1730 447 1806 Μήνης
471 1733 571 1792 παῖδα
595 1714 726 1807 χάρωνα
749 1725 824 1806 παρ’
850 1726 999 1791 Ἀσωποῦ
1022 1729 1194 1812 γενετείρῃ,
1288 1808 1290 1810 q

333 1837 421 1903 ἐξότε
445 1836 549 1899 πυκνὰ
574 1836 686 1899 σέλινα
709 1835 789 1899 κατὰ
813 1834 987 1914 κροτάφων
1010 1835 1175 1914 ἐβάλοντο.

333 1981 416 2062 Plut.
434 1977 544 2064 Symp.
562 1979 668 2043 iiiiii*
697 1979 743 2057 ὡς
767 1978 785 2057 ἡ
810 1980 867 2058 μὲν
897 1979 989 2056 πίτυς
1019 1978 1059 2057 ἦν
1083 1978 1207 2057 στέμμα
1230 1982 1297 2043 τῶν
1320 1978 1393 2056 άγώ-
1438 1918 1441 2039 ύ

227 2109 294 2152 νων
318 2089 464 2168 πάτριον,
490 2087 524 2150 ἐκ
548 2087 583 2149 δὲ
608 2086 730 2164 Νεμέας
754 2086 833 2149 κατὰ
857 2089 955 2163 ζήλου
975 2085 993 2149 ὁ
1010 2089 1067 2149 τοῦ
1085 2086 1217 2150 σελίνου
1234 2087 1394 2166 στέφανος

225 2197 317 2275 ξένος
341 2195 388 2258 ὢν
412 2195 582 2271 ἐπεισῆλθε
607 2189 647 2256 δι’
664 2192 821 2272 Ἡρακλέα
845 2195 895 2257 καὶ
920 2194 1081 2272 κρατήσας
1106 2193 1300 2271 ἠμαύρωσεν
1324 2195 1394 2258 ἐκεῖ·

226 2323 285 2367 νον
309 2339 351 2349 -
376 2300 444 2365 εἶτα
468 2301 575 2378 μέντοι
598 2300 705 2383 χρόνῳ
721 2299 819 2363 πάλιν
836 2299 1080 2379 ἀνακτησαμένη
1097 2301 1135 2364 τὸ
1152 2301 1289 2379 πάτριον
1304 2303 1395 2380 γέρας

227 2411 246 2489 ή
274 2412 366 2489 πίτυς
390 2407 481 2472 ἀνθεῖ
514 2413 551 2491 τῇ
582 2413 663 2490 τιμῇ.
691 2408 754 2484 ἐγὼ
778 2411 859 2484 γοῦν
889 2407 1102 2486 ἀνεπειθόμην
1126 2410 1177 2472 καῖ
1211 2413 1394 2490 προσεῖχον,

227 2520 312 2582 ὥστε
336 2518 475 2580 καὶτῶν
500 2516 682 2594 μαρτυρίων
706 2515 853 2593 ἐκμαθεῖν
883 2515 988 2580 πολλὰ
1016 2517 1067 2579 καὶ
1098 2501 1319 2596 μνημονεύειν,
1346 2515 1395 2580 Εύ-

228 2625 377 2705 φορίωνα
401 2625 458 2703 μὲν
482 2621 568 2686 ούτω
592 2642 662 2700 πως
679 2624 751 2701 περὶ
769 2623 965 2700 Μελικέρτου
984 2623 1136 2699 λέγοντα·
1161 2621 1395 2703 κλαίοντες-

227 2729 404 2810 ἐβάλοντο.
462 2730 663 2808 Καλλίμαχον
702 2731 737 2793 δὲ
777 2732 900 2808 μάλλον
934 2733 1173 2809 διασαφοῦντα·
1209 2731 1293 2806 λέγει
1323 2728 1352 2796 δ’
1380 2729 1396 2794 ὁ

223 2840 380 2917 Ἡρακλῆς
411 2837 497 2922 αὐτῷ
529 2838 600 2915 περὶ
628 2840 685 2901 τοῦ
720 2837 864 2900 σελίνου·
900 2834 960 2899 (καί
990 2858 1040 2914 μιν
1068 2836 1260 2920 Ἀλητιάδαι,
1296 2839 1396 2903 πουλὺ

223 2946 424 3023 γεγειότερον
447 2949 542 3009 τοῦδε
559 2940 633 3023 παρ’
652 2944 801 3020 Αἰγαίωνι
825 2948 888 3028 θεῷ
905 2945 1070 3021 τελέοντες
1095 2944 1215 3026 άγιῖινα,
1241 2946 1397 3024 θήσουσιν

138 3052 142 3060 ’
225 3054 313 3132 νίκης
338 3052 504 3132 σύμβολον
520 3051 697 3130 Ἰσθμιάδος
722 3053 807 3134 Ζήλιμ
832 3054 897 3114 τιῦν
916 3052 1068 3130 Νεμέηθε·
1093 3053 1188 3116 πίτυν
1205 3049 1233 3117 δ’
1251 3052 1398 3132 ἀποτιμή-

225 3176 352 3242 σουσιν,
377 3161 487 3238 ήπρῖν
512 3159 694 3236 ἀγωνιστάς
719 3157 838 3237 ἔστεφε
861 3160 938 3237 τοὺς
955 3156 1090 3243 Ἐφύρη
1114 3159 1165 3240 (fr.
1185 3160 1271 3240 103).
1355 3226 1359 3229 Α

335 3305 358 3355 l.
379 3301 422 3356 ἐπ’
442 3301 525 3355 αἰλίσι
544 3302 673 3355 πιτύεσσι
693 3300 769 3366 edd„
789 3300 833 3354 ἐπ’
854 3300 984 3365 αῖγιαλῖσι
1003 3301 1115 3355 πίτυσσι
1134 3282 1340 3372 H.Stepha11.,
1360 3301 1399 3358 ἐπ’

224 3391 350 3456 αἰγιαλοῦ
374 3393 503 3446 πιτύεσσι
526 3389 553 3444 J.
575 3389 609 3446 G.
631 3388 804 3457 Schneider,
824 3390 868 3444 ἐπ’
893 3392 1032 3457 ἀγχιάλοις
1051 3409 1079 3444 π.
1100 3389 1187 3445 Mein.
1205 3391 1276 3446 -2,
1301 3394 1399 3447 ὁκκότε

225 3481 301 3548 edd„
320 3482 421 3535 δκκόθε
442 3480 560 3535 Reiske.
581 3509 614 3518 -
639 3480 798 3548 στεφάνους
817 3479 935 3549 Reiske‚
960 3472 1124 3548 στεφάνωμ’
1148 3481 1349 3538 Bernadakis.
1369 3512 1397 3522 -

225 3571 366 3638 φορέοντο
378 3572 556 3639 scripserim.
568 3600 599 3608 —
612 3571 636 3623 3.
650 3570 720 3635 λάβη
733 3570 808 3637 σεῖό,
819 3585 895 3624 corr.
909 3569 1078 3624 Turnebus.
1089 3599 1123 3608 —
1134 3571 1314 3637 κατεμήσατο
1327 3573 1399 3637 edd„

224 3661 409 3727 καταμήσατο
429 3659 558 3728 Duebn.,
583 3661 634 3729 qui
655 3661 744 3714 etiam
766 3661 866 3727 Μήνης
889 3661 1011 3728 scripsit
1033 3676 1088 3730 pro
1114 3660 1196 3726 μίμης
1220 3662 1285 3714 sive
1310 3664 1400 3728 μήμης

224 3750 369 3805 codicum.
395 3778 428 3789 -
452 3749 669 3819 Fragmentum
697 3750 809 3820 optime
828 3751 959 3804 illustrat
978 3750 1067 3805 Mein.
1101 3750 1204 3804 Ludos
1223 3750 1400 3806 isthmiaeos

224 3841 255 3893 in
270 3839 442 3894 Melicertae
463 3840 607 3894 honorem
627 3841 796 3894 celebratos
817 3855 883 3894 esse
902 3840 978 3893 trad.
992 3841 1081 3894 Paus.
1096 3840 1107 3892 Ι
1124 3841 1166 3906 44,
1180 3841 1205 3907 8,
1226 3841 1317 3895 schol.
1332 3841 1400 3896 Eur.

224 3928 300 3982 Med.
322 3929 400 3997 1284,
420 3930 509 3983 sehol.
532 3928 620 3983 Arist.
642 3930 738 3999 Equit.
759 3929 820 3997 609,
844 3930 934 3982 schol.
954 3928 1011 3998 Ap.
1031 3929 1084 3982 Rh.
1104 3929 1147 3982 ΙΙΙ
1169 3930 1245 3997 1240,
1265 3930 1400 4000 Αρολλοά.

224 4018 268 4071 III
286 4018 329 4072 29.
356 4049 387 4057 —
413 4020 528 4086 χάρωνα
547 4021 670 4074 vocavit
689 4020 806 4072 leonem
828 4019 917 4073 etiam
938 4019 1099 4088 Lycophro
1113 4019 1174 4074 455.
1212 4019 1277 4074 Leo
1297 4019 1398 4075 Neme-

186 4103 189 4106 ’
224 4109 304 4162 ensis
317 4109 424 4163 Lunae
444 4112 490 4164 est
509 4110 597 4175 iilius,
618 4109 671 4162 eir.
686 4108 877 4178 Epimenides
890 4109 926 4162 fr.
941 4109 973 4162 13
984 4109 1018 4163 K.
1030 4132 1063 4154 =
1075 4108 1191 4163 Aelian.
1203 4109 1236 4164 V.
1247 4109 1283 4164 H.
1295 4109 1362 4178 XII,
1375 4110 1397 4175 7,

223 4198 314 4251 schol.
338 4197 394 4268 Αρ
414 4197 468 4251 Rh.
488 4197 582 4253 1498.
613 4227 646 4236 -
676 4197 809 4251 Ἀσωποῦ
836 4199 987 4267 γενέτειρα,
1015 4199 1110 4269 Asopi
1132 4200 1197 4253 iilia
1221 4200 1285 4266 (eir.
1310 4199 1397 4271 Soph.

224 4286 256 4341 0.
272 4285 305 4340 T.
319 4286 373 4341 470
392 4289 407 4341 ό
427 4288 495 4350 Διὸς
515 4289 630 4351 γενέτας
644 4285 783 4356 (Αροῖλο),
803 4287 872 4341 Eur.
887 4287 950 4343 Ion.
965 4287 1028 4356 916)
1043 4295 1088 4343 est
1101 4287 1223 4357 Nemea,
1243 4291 1297 4345 cfr.
1311 4289 1397 4344 Faus.

222 4375 411 4446 VQQQ
