2902 4958
637 263 793 317 ,6-

134 442 330 525 singulorum
354 461 485 527 operum
515 442 705 526 fragmentis
738 443 896 526 praemisi.
943 441 1034 519 Quae
1068 442 1171 525 poetis
1204 443 1304 525 scrip-

133 550 296 615 toribusve
319 549 584 614 antecedentibus
607 548 705 614 debet
728 549 904 633 Euphorio,
935 569 1081 632 quaeque
1109 549 1304 633 posteriores

131 657 173 722 ab
202 676 240 721 eo
274 657 410 721 mutuati
443 664 527 738 sunt,
562 656 604 721 ad
638 657 764 740 singula
799 657 982 741 fragmenta
1015 656 1180 721 adnotavi.
1237 656 1304 720 Sed

133 762 349 845 quaerendum
373 771 431 838 est,
456 784 551 847 quam
575 764 670 847 longe
694 771 806 848 pateat
821 764 960 829 imitatio
976 763 1192 847 Euphorionis
1216 762 1305 846 apud

64 870 67 875 ’
132 871 334 955 posteriores,
369 878 402 936 et
435 871 511 954 quid
541 870 616 935 inde
645 870 688 935 ad
722 872 906 935 memoriam
940 871 1009 936 eius
1043 869 1304 954 locupletandam

134 977 251 1042 lucrari
275 978 441 1061 possimus.

239 1083 461 1169 Lycophronis
483 1084 669 1149 Alexandra
693 1104 766 1150 num
791 1083 843 1150 hic
867 1083 1070 1169 respicienda
1094 1084 1146 1165 sit,
1172 1083 1304 1148 dubium

133 1199 192 1256 est.
240 1190 445 1256 Difficillima
470 1191 553 1255 enim
578 1192 734 1273 quaestio,
759 1198 862 1256 utrum
880 1191 1088 1277 Lycophroni
1112 1191 1237 1273 tragico
1262 1213 1304 1255 an

133 1298 281 1382 scriptori
305 1299 487 1380 cognomini
512 1299 679 1382 posteriori
703 1297 918 1363 adscribenda
942 1299 985 1364 sit
1008 1296 1203 1376 Alexandra,
1228 1298 1304 1360 urul-

133 1411 199 1469 tum
224 1406 326 1486 abest,
350 1415 385 1468 ut
409 1405 584 1488 profligata
608 1406 659 1469 sit.
707 1405 912 1482 Quaestionis
948 1404 1045 1470 cardo
1079 1425 1141 1468 non
1174 1410 1239 1468 tani
1272 1404 1306 1468 in

135 1531 228 1577 verso
256 1512 341 1575 1229
367 1511 510 1586 vertitur,
535 1512 590 1576 ubi
613 1519 710 1596 poeta
733 1512 897 1576 Romanos
922 1511 1001 1576 dicit
1031 1510 1205 1595 adepturos
1234 1531 1305 1576 esse

133 1622 192 1696 γῆς
216 1619 268 1681 καὶ
291 1619 460 1696 θαλάσσης
489 1623 636 1697 σκῆπτρα
666 1620 717 1682 καὶ
746 1620 934 1698 μοναρχίαν,
970 1638 1161 1701 quamquam
1190 1625 1223 1681 et
1253 1619 1304 1683 lric

134 1745 245 1790 versus
267 1731 342 1789 ante
367 1724 460 1808 primi
485 1726 560 1790 belli
577 1727 690 1790 Punici
713 1726 811 1789 finem
837 1727 890 1808 qui
913 1726 1009 1789 scribi
1031 1725 1180 1809 potuerit,
1206 1745 1304 1807 aegre

135 1831 341 1915 intellegitur,
367 1851 460 1912 quam
485 1834 516 1895 in
541 1831 685 1897 versibus
705 1832 932 1897 1435-1450.
980 1830 1161 1896 Cassandra
1181 1831 1221 1896 de
1239 1852 1304 1896 cer-

137 1939 309 2005 taminibus
329 1940 412 2004 intor
428 1940 537 2004 Asiam
562 1947 594 2004 et
610 1940 771 2024 Europam
796 1938 973 2005 commissis
989 1938 1149 2003 disserens
1165 1939 1302 2004 Alexan·

135 2046 225 2111 drnm
258 2047 407 2129 Magnum
442 2047 511 2112 sine
545 2046 641 2111 dubio
674 2047 850 2129 significat,
887 2047 941 2128 qui
970 2048 1138 2112 Persarum
1171 2067 1304 2128 regnum

134 2172 303 2218 eversurus
326 2155 378 2218 sit.
424 2155 474 2219 De
498 2153 628 2238 procliis
652 2154 736 2217 enirn
760 2173 978 2219 successorum
1000 2152 1175 2217 Alexandri
1199 2153 1305 2235 dequo

135 2260 270 2344 Pyrrho,
282 2280 364 2343 quae
375 2267 424 2326 est
434 2260 826 2343 sententiaHolningeri
839 2260 954 2345 (praef.
963 2259 1199 2343 editionisp.ol
1209 2264 1304 2341 sqq),

134 2365 216 2431 haec
240 2367 346 2450 accipi
370 2375 541 2449 nequeunt.
590 2366 730 2444 Quorum
754 2366 975 2431 contentiones
1001 2367 1094 2432 bellis
1121 2368 1205 2430 inter
1235 2368 1304 2431 bar-

134 2474 230 2539 baros
254 2474 458 2556 Graecosque
482 2475 583 2557 gestis
605 2493 811 2556 nequaquam
834 2473 1037 2538 adnumerari
1053 2479 1195 2557 possunt.
1236 2475 1303 2537 lam

29 2630 37 2641 .
138 2599 230 2645 versu
258 2581 342 2644 1446
354 2601 424 2663 sqq.
449 2581 597 2662 legimus:

348 2689 374 2772 ᾧ
399 2689 437 2766 δὴ
462 2689 529 2765 μεθ’
554 2688 647 2765 ἕκτην
671 2690 788 2764 γένναν
813 2687 978 2764 αύθαίμαιν
1002 2687 1088 2768 ἐμός,

348 2794 394 2872 εἰς
411 2816 459 2872 τις
476 2795 667 2876 παλαιστής,
692 2795 866 2873 συμβαλὼν
891 2793 991 2872 ἀλκὴν
1007 2794 1106 2873 δορὸς

283 2949 286 2955 .
349 2903 470 2966 πόντου
487 2923 521 2966 τε
544 2903 595 2965 καὶ
619 2907 677 2980 γῆς
702 2901 766 2979 κείς
791 2901 966 2978 διαλλαγὰς
990 2903 1099 2978 μολὼν

314 3089 315 3092 ¹
349 3011 547 3089 πρὲσβιστος
572 3010 607 3074 ἐν
630 3009 776 3088 φίλοισιν
800 3008 1026 3089 ὑμνηθήσεται,

348 3117 478 3182 σκύλων
502 3117 649 3197 ἀπαρχὰς
665 3117 723 3193 τὰς
740 3117 946 3195 δορικτήτους
964 3117 1082 3195 λαβών.

70 3224 73 3229 ’
136 3224 388 3310 preferendum
413 3233 461 3289 est
489 3224 530 3288 ad
557 3224 720 3302 Γαλὰδρας
753 3225 812 3287 τὸν
845 3222 1069 3301 στρατηλάτην
1102 3223 1200 3286 λύκον
1230 3223 1249 3286 i.
1276 3244 1303 3287 e.

136 3333 363 3398 Alexandrum.
413 3334 481 3396 Iam
498 3331 574 3414 quid
591 3332 698 3396 verbis
714 3328 780 3409 μεθ’
799 3330 893 3408 ἕκτην
909 3331 1028 3406 γένναν
1049 3331 1163 3411 facias,
1188 3332 1305 3396 nescis.

136 3441 250 3523 Neque
275 3441 358 3505 enim
383 3440 481 3516 γέννα
505 3459 620 3503 annum
637 3443 744 3522 potest
760 3437 958 3520 significare,
982 3443 1016 3501 ut
1034 3438 1206 3518 Holninger
1226 3438 1304 3519 vult,

136 3567 240 3629 neque
268 3544 563 3612 Wilamowitnii
598 3543 833 3629 interpretatio,
868 3544 922 3625 qui
958 3547 1023 3622 μεθ’
1061 3543 1153 3621 ἕκτην
1186 3544 1305 3619 γένναν

136 3655 300 3734 αύθαίμων
324 3653 400 3732 ἐμός
425 3652 522 3718 vertit
554 3651 650 3736 ,nihi
674 3657 748 3737 post
774 3672 831 3716 sex
860 3653 1084 3734 generationes
1114 3649 1304 3733 cognatus“,

135 3764 192 3841 ita,
223 3768 258 3826 ut
288 3761 457 3825 denotetur
480 3761 518 3835 is,
555 3761 608 3841 qui
643 3779 714 3825 com
738 3758 944 3823 Alexandrae
977 3760 1104 3841 generis
1139 3757 1305 3822 conditore

136 3871 156 3933 i.
174 3889 202 3934 e.
227 3871 304 3933 Iove
333 3868 570 3952 propinquitate
602 3867 789 3931 coniunctus
818 3867 870 3947 sit,
906 3872 991 3930 stare
1021 3871 1137 3949 potest,
1171 3872 1206 3928 ut
1230 3866 1305 3929 Hol-

136 3978 246 4060 ninger
275 3977 295 4040 l.
321 3996 348 4039 c.
373 3997 403 4059 p.
425 3974 468 4039 53
481 3994 550 4057 sqq.
580 3974 819 4039 demonstravit.
878 3975 992 4054 Itaque
1026 3971 1174 4036 Beloclr
1207 3973 1304 4051 (Hist.

137 4084 193 4149 Gr.
210 4083 297 4147 1112
321 4104 352 4167 p.
368 4083 529 4164 478sqq.)
555 4081 719 4160 Γαλάορας
753 4080 850 4144 λύκον
878 4080 910 4143 in
944 4080 1128 4144 universum
1156 4078 1197 4144 de
1228 4098 1305 4160 rege

137 4191 280 4277 quolibpt
303 4189 515 4255 Macedonum
539 4189 679 4274 explicat
702 4188 723 4251 i.
742 4208 769 4252 e.
794 4187 835 4250 dc
851 4185 1037 4250 Alexandro
1058 4191 1090 4249 ct
1113 4187 1305 4250 successori-

138 4300 196 4363 bus
220 4298 296 4362 eius.
343 4296 503 4378 Sequitur,
533 4302 579 4378 ut,
609 4315 691 4377 quae
715 4301 882 4360 narrantur
907 4314 937 4357 v.
958 4293 1041 4357 1446
1053 4312 1135 4373 sqq,
1159 4298 1307 4375 spectent

138 4405 180 4471 ad
204 4407 242 4471 T.
261 4404 390 4482 Quincti
414 4403 585 4469 Flaminini
611 4424 680 4468 cum
705 4402 855 4485 Philippo
876 4401 935 4463 ΙΙΙ.
960 4401 1086 4481 bellum,
1110 4398 1157 4461 ita
1181 4404 1216 4461 ut
1239 4399 1306 4483 Ly-
