2902 4958
656 248 829 302 ..60-

666 429 708 494 aa
732 429 811 510 (55).

264 576 359 640 Paua.
377 575 407 638 X
425 574 477 655 26,
496 574 515 638 8
540 573 650 638 ἕποιτο
674 573 714 637 ἂν
738 572 798 637 οὐν
822 578 859 655 τῇ
877 572 1046 636 Μενελάου
1070 573 1121 635 καὶ
1141 569 1333 648 Ὀδυσσέως

157 683 328 764 κηδεμονίᾳ
358 684 430 761 περὶ
458 680 547 745 οἶκον
575 682 633 744 τὸν
657 680 850 759 Ἀντήνορος
880 682 958 758 μηδὲ
988 679 1022 757 ἐς
1056 682 1113 742 τού
1143 676 1332 755 Ἑλικάονος

157 791 215 866 τὴν
238 792 373 864 γυναῖκα
406 790 503 868 ἔργον
536 791 692 867 δυσμενὲς
727 789 790 852 ὐπὸ
814 787 1053 866 Ἀγαμέμνονος
1083 788 1134 851 καὶ
1159 782 1331 849 Μενελάου

157 897 319 973 γενέσθαι·
345 896 517 977 Εὐφορίων
541 898 576 960 δὲ
609 895 690 975 ἀνὴρ
715 896 892 974 Χαλκιδεὺς
928 896 990 959 σὺν
1023 894 1131 958 οὐδενὶ
1161 893 1259 957 εἰκότι
1295 892 1357 982 τὰο

132 1050 134 1055 s
158 1003 191 1081 ές
215 1005 274 1081 τὴν
297 1003 455 1082 Λαοδίκην
478 1005 642 1081 ἐποίησεν.

266 1127 344 1190 Quid
363 1130 394 1181 in
419 1127 573 1182 Laodicen
598 1129 800 1182 commiserint
819 1127 954 1191 Atridae,
980 1128 1139 1180 nescimus.
1179 1123 1240 1180 Sed
1260 1124 1333 1178 nihil

121 1216 124 1220 ’
157 1216 240 1271 aliud
269 1216 452 1271 Pausaniam
479 1218 615 1271 indicare
644 1218 783 1281 voluisse,
815 1232 906 1285 quam
934 1216 1088 1270 Laodicen
1118 1220 1220 1269 terrae
1247 1214 1334 1267 hiatu

159 1306 295 1361 haustam
327 1321 392 1360 esse
416 1306 499 1375 apud
518 1306 749 1375 Euphorionem,
781 1307 919 1374 equidem
945 1304 1174 1359 Wilamowitzio
1200 1302 1334 1370 (Homer.

156 1394 275 1450 Unters.
295 1412 322 1464 p.
336 1395 397 1462 341,
409 1395 450 1463 12)
470 1410 529 1449 non
551 1395 739 1449 crediderim.
760 1393 817 1449 Cir.
831 1395 865 1448 fr.
880 1395 923 1449 68.

668 1558 711 1623 83
735 1558 815 1638 (83).

339 1705 470 1784 Δίρφυν
494 1703 556 1768 ἀνὰ
580 1707 730 1783 τρηχεῖαν
755 1702 808 1767 ὐπ’
835 1702 952 1787 Εὐβοίῃ
977 1703 1153 1767 κεκόνιστο.

263 1828 371 1895 Sohol.
396 1829 477 1913 Lyo.
502 1829 569 1893 374
592 1830 650 1893 τόν
674 1831 709 1892 δὲ
733 1829 939 1908 Διρφωσσόν
963 1827 981 1891 δ
1002 1827 1175 1906 Εὐφορίων
1199 1827 1333 1907 Δίρφυν

157 1940 246 2001 καλεῖ
268 1934 418 2017 Ἁίρφυν)
443 1940 509 2003 κτλ,
542 1971 586 1982 —-
619 1935 731 2020 Steph.
759 1936 835 2021 Byz.
859 1956 889 2020 p.
909 1935 984 2015 234,
1012 1935 1051 1998 16
1076 1935 1218 2015 Δίρφυς,
1252 1932 1334 2013 ὄρος

157 2043 306 2124 Εὐβοίας,
330 2043 376 2122 ὡς
401 2042 582 2123 Εὐφορίων.
1016 2071 1018 2075 ’
1048 2090 1050 2094 -

266 2167 380 2234 εὐβοίηη
401 2183 415 2221 s
435 2168 502 2232 (snb
517 2168 642 2235 alterno
664 2169 731 2222 tort.
744 2186 760 2219 ν
779 2170 810 2221 ίπ
829 2169 888 2230 λῖί.)Ι
912 2197 944 2205 -
964 2147 1282 2220 κεκόνιστοίπίειίοτιιί
1296 2167 1334 2219 τιό

153 2257 328 2333 exemplum
358 2258 441 2311 vocis
471 2257 606 2322 ἀμαθύνει
634 2257 726 2310 dixit:
756 2257 842 2311 Hom.
863 2257 894 2310 Il.
913 2255 954 2309 IX
969 2256 1021 2309 593
1048 2256 1129 2310 πάλιν
1156 2256 1186 2308 δέ
1215 2267 1246 2308 τε
1277 2260 1334 2322 πῦρ

156 2348 300 2413 ἀμαθύνει,
320 2347 427 2402 Aesch.
448 2348 483 2400 fr.
498 2346 549 2400 244
569 2349 650 2411 κύνες
677 2348 851 2413 διημάθυνον
870 2347 958 2413 ἄνδρα
981 2347 1124 2411 δεσπότην
1142 2344 1334 2410 (Actaeona).

153 2435 378 2506 Euphorionem
398 2437 535 2506 sequitur
554 2436 679 2491 Nonnua
699 2436 734 2491 D.
755 2437 845 2501 1188,
869 2429 932 2503 431,
951 2435 1011 2503 624,
1030 2435 1072 2488 XI
1092 2435 1153 2488 248.
1181 2432 1241 2489 cfr.
1261 2433 1334 2489 Hes.

155 2524 324 2580 mitilenem·
354 2525 504 2592 κυλίεσθαι,
528 2526 701 2595 φθείρεσθαι,
727 2530 947 2593 κονιορτοθσθαι.
969 2553 1000 2563 -·
1021 2525 1121 2594 Frgm.
1141 2526 1275 2593 pertinet
1295 2522 1334 2577 ad

156 2615 386 2684 descriptionem
405 2616 544 2669 interitus
564 2613 759 2683 Graecorum,
788 2630 917 2685 quorum
944 2615 1028 2668 multi
1048 2613 1171 2683 Nauplii
1197 2613 1274 2668 dolis
1295 2615 1335 2667 ad

154 2703 299 2758 Euboeae
319 2714 423 2758 cantes
442 2705 605 2774 perierunt,
626 2705 678 2758 cir.
699 2703 849 2773 Lycophr.
864 2704 917 2758 373
930 2719 993 2772 sqq.

620 2869 663 2932 84
688 2868 865 2948 (ιιιιο).

263 3010 430 3076 Heliadius
454 3031 506 3095 ap,
530 3010 679 3076 Photinm
703 3011 780 3076 bibl.
806 3032 832 3076 o.
851 3010 915 3075 279
932 3032 963 3095 ρ.
980 3009 1077 3075 5321)
1104 3009 1202 3092 18sq.
1219 3010 1257 3075 B.
1284 3011 1334 3075 ότι

155 3119 242 3198 παρὰ
271 3117 456 3198 Εὐφορίωνι
488 3125 533 3202 τῷ
566 3118 664 3198 φύσει
697 3120 753 3197 μὲν
783 3117 942 3200 Χαλκιδεῖ,
977 3117 1063 3181 θέσει
1097 3118 1132 3180 δὲ
1161 3115 1333 3204 Ἀθηναίῳ,

156 3226 352 3303 κακοζήλους
377 3225 466 3290 ἔστιν
490 3225 595 3304 εὑρεῖν
625 3227 740 3303 λέξεις·
762 3228 825 3289 «καὶ
853 3226 914 3304 γὰρ
943 3226 1001 3288 τόν
1021 3224 1158 3291 Ἰάσονα,
1186 3227 1333 3303 ναυαγὸν

156 3331 255 3415 εἶπεν,
279 3332 360 3412 όπερ
377 3333 415 3397 οὐ
432 3333 673 3411 νεναυαγηκότα
698 3337 832 3416 μᾶλλον,
856 3335 915 3399 τὸν
931 3335 966 3397 δὲ
983 3336 1063 3397 ναύν
1081 3331 1202 3408 ἄγοντα
1219 3336 1331 3412 δηλοῖ·

156 3442 206 3504 καὶ
230 3442 287 3505 τὸν
311 3442 350 3504 τὰ
373 3444 478 3520 χρυσᾶ
507 3445 591 3520 μῆλα
620 3445 686 3506 τῶν
709 3440 908 3521 ιΕσπερίδων
938 3444 1148 3520 φρουρούντα
1178 3439 1257 3520 ὄφιν
1282 3463 1334 3520 κη·

156 3550 281 3627 πουρὸν
312 3547 471 3628 ὐινόμασε.
512 3551 721 3628 παρεζήλωσε
752 3552 787 3613 δὲ
816 3549 873 3612 τὸν
904 3555 1033 3626 πρῶτον
1063 3547 1243 3613 Διονύσιον
1275 3551 1334 3614 τὸν

157 3655 297 3734 (ικελίας
326 3656 496 3739 τύραννον,
527 3657 565 3735 ὃς
582 3642 653 3721 Ιὐπὸ
677 3661 734 3734 τῆς
758 3657 981 3734 ἐξουσίας-καλ
1010 3660 1075 3720 τιῖιν
1104 3654 1252 3721 κολάκων
1282 3660 1335 3723 καὶ

156 3768 214 3840 τῆς
238 3768 363 3843 τρυφῆς
388 3765 653 3843 διαφθειρόμενος
678 3765 865 3843 ἐπεχείρησε
894 3766 944 3827 καὶ
973 3764 1154 3848 τραγῳδίας
1182 3763 1334 3844 γράφειν,

157 3871 192 3935 ἐν
217 3871 268 3950 αῖς
292 3873 342 3935 καὶ
366 3875 498 3936 τοιαῦτα
522 3872 730 3950 συνεφόρησε
755 3871 889 3953 ῥήματα,
913 3872 951 3934 τὸ
975 3872 1032 3948 μὲν
1056 3868 1206 3935 ἀκόντιον
1223 3875 1335 3936 καλῶν

159 3979 340 4061 βαλάντιον,
365 3981 422 4044 τὸν
447 3981 482 4043 δὲ
506 3980 605 4044 κάδον
630 3979 807 4061 ἑλκύδριον,
833 3980 1016 4061 σκέπαρνον
1039 3979 1074 4041 δὲ
1095 3978 1132 4042 τό
1150 3977 1249 4061 έριον,
1274 3981 1335 4058 τὴν

158 4089 192 4151 δὲ
216 4090 352 4166 χλαῖναν
375 4087 522 4168 ἐριώλην,
547 4085 618 4150 οἷον
642 4085 779 4164 ὄλεθρον
803 4085 907 4149 οὐσαν
931 4091 996 4149 τιῖιν
1020 4085 1125 4166 ἐρίων,
1150 4086 1201 4148 καὶ
1225 4088 1336 4152 πολλά

125 4190 127 4194 ⁴
157 4198 289 4258 τοιαῦτα
313 4196 545 4273 καταγέλαστα.
1058 4183 1060 4187 ’

269 4316 399 4388 „Similia
419 4323 527 4386 poetae
541 4318 702 4386 purpurati
723 4316 921 4372 deliramenta
941 4317 1084 4386 apposuit
1097 4315 1275 4371 Athenaeus
1290 4317 1337 4372 111

159 4425 185 4476 p.
200 4408 235 4461 98
247 4407 289 4460 D“
309 4407 456 4461 Mainake.
